{
  "url": "https://parfumdreams.fr",
  "html": "<html lang=\"fr\" data-generated=\"21.05.2025 16:58:55\" style=\"scroll-behavior: smooth;\"><head>\n    <meta charset=\"utf-8\">\n    <meta name=\"viewport\" content=\"width=device-width, initial-scale=1.0, maximum-scale=1.0, user-scalable=no\">\n    <title>Parfums et cosmétiques de votre parfumerie en ligne ❤️ | parfumdreams</title>\n\n    <link rel=\"shortcut icon\" href=\"/images/favicon.png\">\n\n        <meta name=\"description\" content=\"Chez parfumdreams, vous trouvez un grand choix de parfums et de produits de soins à de bas prix, fort attrayants.\">\n        <link rel=\"canonical\" href=\"https://www.parfumdreams.fr/\">\n        <meta name=\"robots\" content=\"index,follow,noodp\">\n\n            <link rel=\"alternate\" href=\"https://en.parfumdreams.de/\" hreflang=\"x-default\">\n            <link rel=\"alternate\" href=\"https://www.parfumdreams.de/\" hreflang=\"de-DE\">\n            <link rel=\"alternate\" href=\"https://www.parfumdreams.at/\" hreflang=\"de-AT\">\n            <link rel=\"alternate\" href=\"https://www.parfumdreams.co.uk/\" hreflang=\"en-GB\">\n            <link rel=\"alternate\" href=\"https://www.parfumdreams.ch/\" hreflang=\"de-CH\">\n            <link rel=\"alternate\" href=\"https://www.parfumdreams.se/\" hreflang=\"sv\">\n            <link rel=\"alternate\" href=\"https://www.parfumdreams.dk/\" hreflang=\"da\">\n            <link rel=\"alternate\" href=\"https://www.parfumdreams.it/\" hreflang=\"it\">\n            <link rel=\"alternate\" href=\"https://www.parfumdreams.fr/\" hreflang=\"fr\">\n            <link rel=\"alternate\" href=\"https://www.parfumdreams.es/\" hreflang=\"es\">\n            <link rel=\"alternate\" href=\"https://www.parfumdreams.nl/\" hreflang=\"nl-NL\">\n            <link rel=\"alternate\" href=\"https://www.parfumdreams.be/\" hreflang=\"nl-BE\">\n            <link rel=\"alternate\" href=\"https://www.parfumdreams.ie/\" hreflang=\"en-IE\">\n            <link rel=\"alternate\" href=\"https://www.parfumdreams.fi/\" hreflang=\"fi\">\n            <link rel=\"alternate\" href=\"https://www.parfumdreams.pl/\" hreflang=\"pl\">\n            <link rel=\"alternate\" href=\"https://www.parfumdreams.pt/\" hreflang=\"pt\">\n            <link rel=\"alternate\" href=\"https://www.parfumdreams.cz/\" hreflang=\"cs\">\n\n    <link rel=\"preload\" href=\"_framework/blazor.boot.json\" as=\"fetch\" type=\"application/json\" crossorigin=\"use-credentials\">\n    \n    <link rel=\"stylesheet\" href=\"/assets/main-97aeb8b1.css\">\n\n    <script src=\"//tttd.parfumdreams.fr/www-pd-parfumdreams/prod/utag.js\" type=\"text/javascript\" async=\"\"></script><script type=\"text/javascript\">\n    // Duration in milliseconds to wait while the Kameleoon application file is loaded\n    var kameleoonLoadingTimeout = 1000;\n\n    window.kameleoonQueue = window.kameleoonQueue || [];\n    window.kameleoonStartLoadTime = new Date().getTime();\n    if (! document.getElementById(\"kameleoonLoadingStyleSheet\") && ! window.kameleoonDisplayPageTimeOut) {\n        var kameleoonS = document.getElementsByTagName(\"script\")[0];\n        var kameleoonCc = \"* { visibility: hidden !important; background-image: none !important; }\";\n        var kameleoonStn = document.createElement(\"style\");\n        kameleoonStn.type = \"text/css\";\n        kameleoonStn.id = \"kameleoonLoadingStyleSheet\";\n        if (kameleoonStn.styleSheet) {\n            kameleoonStn.styleSheet.cssText = kameleoonCc;\n        }\n        else {\n            kameleoonStn.appendChild(document.createTextNode(kameleoonCc));\n        }\n        kameleoonS.parentNode.insertBefore(kameleoonStn, kameleoonS);\n        window.kameleoonDisplayPage = function(fromEngine) {\n            if (!fromEngine) {\n                window.kameleoonTimeout = true;\n            }\n            if (kameleoonStn.parentNode) {\n                kameleoonStn.parentNode.removeChild(kameleoonStn);\n            }\n        };\n        window.kameleoonDisplayPageTimeOut = window.setTimeout(window.kameleoonDisplayPage, kameleoonLoadingTimeout);\n    }\n</script>\n<script type=\"text/javascript\" src=\"//kifyr23vml.kameleoon.eu/kameleoon.js\" async=\"true\"></script>\n\n    <!--Blazor:{\"type\":\"webassembly\",\"prerenderId\":\"67a1f60e1f854334a996bd9562a1ed2b\",\"key\":{\"locationHash\":\"77D12F14A8105320B1AAED6AE7E689DA0EC4483270A645E84079EAA0FFDF550D:0\",\"formattedComponentKey\":\"\"},\"assembly\":\"Microsoft.AspNetCore.Components.Web\",\"typeName\":\"Microsoft.AspNetCore.Components.Web.HeadOutlet\",\"parameterDefinitions\":\"W10=\",\"parameterValues\":\"W10=\"}--><!--Blazor:{\"prerenderId\":\"67a1f60e1f854334a996bd9562a1ed2b\"}-->\n\n\n    \n        \n<script type=\"text/javascript\" crossorigin=\"anonymous\">\n    let totalErrorsOnPage = 10;\n    let currentErrorsSent = 0;\n    const loggingApiUrl = 'https://shop-api-origin.parfumdreams.de:443/api/FR' + '/Diagnostic/FrontendErrorJavascript';\n\n    let getCookieValue = function (c_name) {\n        var c_value = document.cookie;\n        var c_start = c_value.indexOf(\" \" + c_name + \"=\");\n\n        if (c_start === -1) {\n            c_start = c_value.indexOf(c_name + \"=\");\n        }\n\n        if (c_start === -1) {\n            c_value = null;\n        } else {\n            c_start = c_value.indexOf(\"=\", c_start) + 1;\n            var c_end = c_value.indexOf(\";\", c_start);\n            if (c_end === -1) {\n                c_end = c_value.length;\n            }\n            c_value = c_value.substring(c_start, c_end);\n        }\n        return c_value;\n    }\n\n    const global_error_options = function () {\n        return {\n            url: window.location.href,\n            referrer: document.referrer,\n            userAgent: window.navigator.userAgent,\n            screenWidth: window.innerWidth,\n            clientDeviceId: getCookieValue(\"ClientDeviceId\"),\n            clientSessionId: getCookieValue(\"ClientSessionId\")\n        }\n    }\n\n        \n    let oldconsoleerror = window.console.error.bind(window.console)\n    window.console.error = function (...args) {\n        oldconsoleerror.apply(null, args);\n\n        currentErrorsSent = currentErrorsSent + 1;\n        if (currentErrorsSent > totalErrorsOnPage) {\n            return;\n        }\n\n        let completeError = args[0];\n\n        try {\n\n            if (args[0] && typeof args[0] === 'string') {\n                let toAdd = args[0].toString();\n                if (toAdd.indexOf(\"DONT_SEND_TO_BACKEND_FOR_LOGGING\") > -1) {\n                    return; \n                }\n                completeError = completeError + toAdd;\n            }\n            if (args.length > 1 && typeof args[1].url === 'string') {\n\n                completeError = completeError + args[1].url;\n            }\n\n            if (args.length > 1 && (typeof args[1].status === 'number' || typeof args[1].status === 'string')) {\n\n                completeError = completeError + \" status: \" + args[1].status.toString();\n            }\n\n            if (args.length > 1 && (typeof args[1].message === 'string')) {\n\n                completeError = completeError + \" msg: \" + args[1].message.toString();\n            }\n            if (args.length > 1 && (typeof args[1].stack === 'string')) {\n\n                completeError = completeError + \" stack: \" + args[1].stack.toString();\n            }\n        } catch (ex) {\n            completeError = completeError + \"ERROR in ERROR HANDLER\";\n        }\n\n        let partitionKey = typeof completeError === 'string' ? completeError.substring(0, 50) : 'empty-partition-key';\n        \n        function ConvertMessageToString(message) {\n            if (typeof message === 'string') {\n                return message;\n            } else { \n                try {\n                    return JSON.stringify(message);\n                } catch (e) {\n                    return \"problem parsing message object on \" + window.location.href;\n                }\n            }\n\n        }\n\n        try {\n            const logginginfo = Object.assign({},\n                global_error_options(),\n                {\n                    logSource: 'overwrittenconsole',\n                    msg: ConvertMessageToString(completeError)\n                });\n            fetch(loggingApiUrl, { mode: 'no-cors', method: 'POST', body: JSON.stringify(logginginfo) });\n\n        } catch (ex) {\n\n        }\n    }\n\n    window.addEventListener('error', function (message) {\n\n        currentErrorsSent = currentErrorsSent + 1;\n        if (currentErrorsSent > totalErrorsOnPage) {\n            return;\n        }\n\n        let errorToSend = \"empty error to send\";\n        try {\n            errorToSend = typeof message == 'string' ? message : \"OnErrorGlobalEvent: \" + message.message;\n        } catch (e) {\n            errorToSend = 'error inside the error handler!';\n        }\n        let partitionKey = typeof errorToSend === 'string' ? errorToSend.substring(0, 50) : 'empty-partition-key';\n        \n        try {\n            const logginginfo = Object.assign({},\n                global_error_options(),\n                {\n                    logSource: 'globalerrorhandler',\n                    msg: errorToSend\n                });\n            fetch(loggingApiUrl, { mode: 'no-cors', method: 'POST', body: JSON.stringify(logginginfo) });\n\n        } catch (ex) {\n\n        }\n    })\n\n</script>\n\n\n    <!-- TEALIUM TAGMANAGER-->\n\n    <link rel=\"preconnect\" href=\"//app.usercentrics.eu\">\n    <link rel=\"preconnect\" href=\"//api.usercentrics.eu\">\n    <link rel=\"preload\" href=\"//app.usercentrics.eu/browser-ui/latest/loader.js\" as=\"script\">\n    \n        <script id=\"usercentrics-cmp\" src=\"https://app.usercentrics.eu/browser-ui/latest/loader.js\" data-settings-id=\"2qfJA1hYzfNXyi\" data-block-data-layer-push=\"1\" async=\"\" data-avoid-prefetch-services=\"\"></script>\n\n    <script>\n        window.utag_cfg_ovrd = window.utag_cfg_ovrd || {};\n        window.utag_cfg_ovrd.noview = true;\n        window.utag_cfg_ovrd.path = '//tttd.parfumdreams.fr/www-pd-parfumdreams/prod/';\n    </script>\n\n    <script src=\"//tttd.parfumdreams.fr/www-pd-parfumdreams/prod/utag.sync.js\"></script><script type=\"module\" src=\"https://app.usercentrics.eu/browser-ui/3.68.0/index.module.js\"></script>\n\n    <!-- Loading script asynchronously -->\n    <script type=\"text/javascript\">\n        (function (a, b, c, d) {\n            a = '//tttd.parfumdreams.fr/www-pd-parfumdreams/prod/utag.js';\n            b = document; c = 'script'; d = b.createElement(c); d.src = a; d.type = 'text/java' + c; d.async = true;\n            a = b.getElementsByTagName(c)[0]; a.parentNode.insertBefore(d, a);\n        })();\n    </script>\n<style>\n    body:has(.is-checkout) .hide-in-checkout {\n        display: none;\n    }\n\n    body:has(.is-checkout) .show-in-checkout {\n        display: block;\n    }\n    \n    main:has(.is-checkout) {\n        background-color: #F3F5F9;\n    }\n\n    #app-content:has(.is-cart) {\n        background-color: #F3F5F9;\n    }\n</style><script type=\"text/javascript\" async=\"\" charset=\"utf-8\" id=\"tiqapp\" src=\"https://tags.tiqcdn.com/utag/tiqapp/utag.v.js?a=douglas/www-pd-parfumdreams/202504281154&amp;cb=1747839535928\"></script><script type=\"text/javascript\" async=\"\" charset=\"utf-8\" id=\"utag_douglas.www-pd-parfumdreams_182\" src=\"//tags.tiqcdn.com/utag/tiqapp/utag.currency.js?utv=ut4.49.202504281154\"></script><script type=\"text/javascript\" async=\"\" charset=\"utf-8\" id=\"utag_douglas.www-pd-parfumdreams_110\" src=\"//tttd.parfumdreams.fr/www-pd-parfumdreams/prod/utag.110.js?utv=ut4.49.202410281436\"></script></head>\n\n\n\n<body class=\"overflowHidden\">\n    <main class=\"bg-white\">\n<div class=\"hide-in-checkout inset-0 items-center justify-center min-h-18 md:min-h-12\" style=\"background-color:#422D4FFF\"><div class=\"p-4 md:p-2 items-center justify-center flex\"><div class=\"flex text-sm md:mr-4 min-h-10 md:h-5 mr-6 items-center justify-start md:items-center md:justify-center\" style=\"color:#FFFFFFFF\"><span>Abonnez-vous et économisez 22&nbsp;%**</span></div><div class=\"flex items-center justify-center gap-2\"><a href=\"/Newsletter\" class=\"h-8 px-4 py-2 border rounded-sm border-solid border-white text-xs whitespace-pre font-bold items-center justify-center flex \r\n                         bg-white text-black\" data-behaviour=\"utag-link-event\" data-props=\"{&quot;content_id&quot;:&quot;Homepage&quot;,&quot;interaction_element&quot;:&quot;En savoir plus&quot;,&quot;interaction_object&quot;:&quot;homepage.divider.button&quot;,&quot;interaction_position&quot;:&quot;P0-0&quot;,&quot;interaction_type&quot;:&quot;click&quot;,&quot;interaction_component_name&quot;:null,&quot;interaction_type_parent&quot;:&quot;Header&quot;,&quot;interaction_type_detail&quot;:&quot;Promo Bar&quot;,&quot;interaction_page_position&quot;:&quot;P0&quot;,&quot;interaction_click&quot;:&quot;click&quot;}\" data-initialized=\"true\">En savoir plus</a></div></div></div>\n<div id=\"subMenu\" class=\"bg-lightgray h-10 flex items-center text-xs\"><div class=\"screen-layout\"><div class=\"main-flex\"><div class=\"flex\"><ul id=\"advantages\" class=\"grow mx-auto hidden md:flex\"><li data-behaviour=\"submenu-advantages\" class=\"flex items-center w-full\" data-initialized=\"true\"><a class=\"flex items-center space-x-2 justify-center md:hidden w-full\" href=\"/Newsletter\"><span class=\"w-5 h-5\"><svg width=\"16\" height=\"16\" viewBox=\"0 0 16 16\" fill=\"none\" xmlns=\"http://www.w3.org/2000/svg\" class=\"w-full h-full\">\n    <path d=\"M3.08333 12.6668C2.77222 12.6668 2.514 12.5642 2.30867 12.3588C2.10289 12.1531 2 11.8946 2 11.5835V4.41683C2 4.10572 2.10289 3.8475 2.30867 3.64216C2.514 3.43638 2.77222 3.3335 3.08333 3.3335H9.7C9.68889 3.44461 9.68044 3.55283 9.67467 3.65816C9.66933 3.76394 9.67222 3.87794 9.68333 4.00016H2.86667L8 7.3335L10.3833 5.7835C10.4611 5.86127 10.5418 5.9335 10.6253 6.00016C10.7084 6.06683 10.7944 6.1335 10.8833 6.20016L8 8.0835L2.66667 4.5835V11.5835C2.66667 11.7057 2.70556 11.8057 2.78333 11.8835C2.86111 11.9613 2.96111 12.0002 3.08333 12.0002H12.9167C13.0389 12.0002 13.1389 11.9613 13.2167 11.8835C13.2944 11.8057 13.3333 11.7057 13.3333 11.5835V6.76683C13.4556 6.7335 13.5722 6.69727 13.6833 6.65816C13.7944 6.6195 13.9 6.57238 14 6.51683V11.5835C14 11.8946 13.8973 12.1531 13.692 12.3588C13.4862 12.5642 13.2278 12.6668 12.9167 12.6668H3.08333Z\" fill=\"black\"></path>\n    <path d=\"M12.6667 5.51644C12.2 5.51644 11.8056 5.35244 11.4833 5.02444C11.1611 4.69688 11 4.30533 11 3.84977C11 3.38311 11.1611 2.98866 11.4833 2.66644C11.8056 2.34422 12.2 2.18311 12.6667 2.18311C13.1333 2.18311 13.5278 2.34422 13.85 2.66644C14.1722 2.98866 14.3333 3.38311 14.3333 3.84977C14.3333 4.30533 14.1722 4.69688 13.85 5.02444C13.5278 5.35244 13.1333 5.51644 12.6667 5.51644Z\" fill=\"#E0295D\"></path>\n</svg></span><span class=\"text-center\">S'abonner à la newsletter et 22%** économiser</span></a><div class=\"flex-row w-full hidden md:flex md:space-x-10 xl:space-x-14\"><a class=\"flex space-x-1 items-center\" href=\"/Newsletter\"><span class=\"w-5 h-5\"><svg width=\"16\" height=\"16\" viewBox=\"0 0 16 16\" fill=\"none\" xmlns=\"http://www.w3.org/2000/svg\" class=\"w-full h-full\">\n    <path d=\"M3.08333 12.6668C2.77222 12.6668 2.514 12.5642 2.30867 12.3588C2.10289 12.1531 2 11.8946 2 11.5835V4.41683C2 4.10572 2.10289 3.8475 2.30867 3.64216C2.514 3.43638 2.77222 3.3335 3.08333 3.3335H9.7C9.68889 3.44461 9.68044 3.55283 9.67467 3.65816C9.66933 3.76394 9.67222 3.87794 9.68333 4.00016H2.86667L8 7.3335L10.3833 5.7835C10.4611 5.86127 10.5418 5.9335 10.6253 6.00016C10.7084 6.06683 10.7944 6.1335 10.8833 6.20016L8 8.0835L2.66667 4.5835V11.5835C2.66667 11.7057 2.70556 11.8057 2.78333 11.8835C2.86111 11.9613 2.96111 12.0002 3.08333 12.0002H12.9167C13.0389 12.0002 13.1389 11.9613 13.2167 11.8835C13.2944 11.8057 13.3333 11.7057 13.3333 11.5835V6.76683C13.4556 6.7335 13.5722 6.69727 13.6833 6.65816C13.7944 6.6195 13.9 6.57238 14 6.51683V11.5835C14 11.8946 13.8973 12.1531 13.692 12.3588C13.4862 12.5642 13.2278 12.6668 12.9167 12.6668H3.08333Z\" fill=\"black\"></path>\n    <path d=\"M12.6667 5.51644C12.2 5.51644 11.8056 5.35244 11.4833 5.02444C11.1611 4.69688 11 4.30533 11 3.84977C11 3.38311 11.1611 2.98866 11.4833 2.66644C11.8056 2.34422 12.2 2.18311 12.6667 2.18311C13.1333 2.18311 13.5278 2.34422 13.85 2.66644C14.1722 2.98866 14.3333 3.38311 14.3333 3.84977C14.3333 4.30533 14.1722 4.69688 13.85 5.02444C13.5278 5.35244 13.1333 5.51644 12.6667 5.51644Z\" fill=\"#E0295D\"></path>\n</svg></span><span>S'abonner à la newsletter et 22%** économiser</span></a><a class=\"flex space-x-1 items-center\" href=\"/themes-de-laide/avantages-exclusifs#retour-de-180-jours\"><span class=\"w-5 h-5\"><svg width=\"16\" height=\"16\" viewBox=\"0 -2 16 16\" fill=\"none\" xmlns=\"http://www.w3.org/2000/svg\" class=\"w-full h-full\">\n    <path d=\"M1.93307 9.3333V8.66663H6.33307C7.13307 8.66663 7.82196 8.41397 8.39974 7.90863C8.97752 7.40286 9.26641 6.76663 9.26641 5.99997C9.26641 5.2333 8.97752 4.59708 8.39974 4.0913C7.82196 3.58597 7.13307 3.3333 6.33307 3.3333H1.33307L3.39974 5.39997L2.93307 5.86663L0.0664062 2.99997L2.93307 0.133301L3.39974 0.599968L1.33307 2.66663H6.33307C7.31085 2.66663 8.15529 2.9833 8.86641 3.61663C9.57752 4.24997 9.93307 5.04441 9.93307 5.99997C9.93307 6.95552 9.57752 7.74997 8.86641 8.3833C8.15529 9.01663 7.31085 9.3333 6.33307 9.3333H1.93307Z\" fill=\"black\">\n    </path>\n</svg></span><span>Droit de retour de 180&nbsp;jours</span></a><a class=\"flex space-x-1 items-center\" href=\"https://fr.trustpilot.com/review/parfumdreams.fr\"><span class=\"\"><svg width=\"64\" height=\"15\" viewBox=\"0 0 77 15\" xmlns=\"http://www.w3.org/2000/svg\">\n              <image xlink:href=\"//images-static.trustpilot.com/api/stars/4/star.svg\" width=\"100%\" height=\"100%\"></image>\n            </svg></span><span><span class=\"whitespace-pre\">5935 Évaluations</span> sur Trustpilot</span></a><a class=\"flex space-x-1 items-center\" href=\"/frais-dexpedition\"><span class=\"w-5 h-5\"><svg width=\"16\" height=\"16\" viewBox=\"0 -2 16 16\" fill=\"none\" xmlns=\"http://www.w3.org/2000/svg\" class=\"w-full h-full\">\n    <path d=\"M2.80046 9.75016C2.31157 9.75016 1.89779 9.58083 1.55912 9.24216C1.22001 8.90305 1.05046 8.48905 1.05046 8.00016H0.133789V1.41683C0.133789 1.10572 0.236678 0.847496 0.442456 0.642163C0.647789 0.436385 0.900456 0.333496 1.20046 0.333496H10.0338V2.75016H11.5671L13.8671 5.85016V8.00016H12.8005C12.8005 8.48905 12.6311 8.90305 12.2925 9.24216C11.9533 9.58083 11.5393 9.75016 11.0505 9.75016C10.5616 9.75016 10.1478 9.58083 9.80912 9.24216C9.47001 8.90305 9.30046 8.48905 9.30046 8.00016H4.53379C4.53379 8.48905 4.36446 8.90305 4.02579 9.24216C3.68668 9.58083 3.27823 9.75016 2.80046 9.75016ZM2.80046 9.0835C3.10046 9.0835 3.35334 8.97794 3.55912 8.76683C3.76446 8.55572 3.86712 8.30016 3.86712 8.00016C3.86712 7.70016 3.76446 7.44461 3.55912 7.2335C3.35334 7.02239 3.10046 6.91683 2.80046 6.91683C2.50046 6.91683 2.2449 7.02239 2.03379 7.2335C1.82268 7.44461 1.71712 7.70016 1.71712 8.00016C1.71712 8.30016 1.82268 8.55572 2.03379 8.76683C2.2449 8.97794 2.50046 9.0835 2.80046 9.0835ZM0.800456 7.3335H1.23379C1.32268 7.04461 1.51446 6.79194 1.80912 6.5755C2.10334 6.35861 2.43379 6.25016 2.80046 6.25016C3.1449 6.25016 3.46712 6.35572 3.76712 6.56683C4.06712 6.77794 4.26712 7.0335 4.36712 7.3335H9.36712V1.00016H1.20046C1.10046 1.00016 1.0089 1.04194 0.925789 1.1255C0.842234 1.20861 0.800456 1.30572 0.800456 1.41683V7.3335ZM11.0505 9.0835C11.3505 9.0835 11.606 8.97794 11.8171 8.76683C12.0282 8.55572 12.1338 8.30016 12.1338 8.00016C12.1338 7.70016 12.0282 7.44461 11.8171 7.2335C11.606 7.02239 11.3505 6.91683 11.0505 6.91683C10.7505 6.91683 10.4949 7.02239 10.2838 7.2335C10.0727 7.44461 9.96712 7.70016 9.96712 8.00016C9.96712 8.30016 10.0727 8.55572 10.2838 8.76683C10.4949 8.97794 10.7505 9.0835 11.0505 9.0835ZM10.0338 6.00016H13.1671L11.2005 3.41683H10.0338V6.00016Z\" fill=\"black\"></path>\n</svg></span><span>Livraison gratuite à partir de 49,90 €*</span></a></div></li></ul>\n                <ul id=\"mobile-advantages\" class=\"flex mx-auto md:hidden w-full\"><li data-behaviour=\"submenu-advantages\" class=\"flex opacity-0 items-center animate-appear w-full\" data-initialized=\"true\"><a class=\"flex items-center space-x-2 justify-center md:hidden w-full\" href=\"/Newsletter\"><span class=\"w-5 h-5\"><svg width=\"16\" height=\"16\" viewBox=\"0 0 16 16\" fill=\"none\" xmlns=\"http://www.w3.org/2000/svg\" class=\"w-full h-full\">\n    <path d=\"M3.08333 12.6668C2.77222 12.6668 2.514 12.5642 2.30867 12.3588C2.10289 12.1531 2 11.8946 2 11.5835V4.41683C2 4.10572 2.10289 3.8475 2.30867 3.64216C2.514 3.43638 2.77222 3.3335 3.08333 3.3335H9.7C9.68889 3.44461 9.68044 3.55283 9.67467 3.65816C9.66933 3.76394 9.67222 3.87794 9.68333 4.00016H2.86667L8 7.3335L10.3833 5.7835C10.4611 5.86127 10.5418 5.9335 10.6253 6.00016C10.7084 6.06683 10.7944 6.1335 10.8833 6.20016L8 8.0835L2.66667 4.5835V11.5835C2.66667 11.7057 2.70556 11.8057 2.78333 11.8835C2.86111 11.9613 2.96111 12.0002 3.08333 12.0002H12.9167C13.0389 12.0002 13.1389 11.9613 13.2167 11.8835C13.2944 11.8057 13.3333 11.7057 13.3333 11.5835V6.76683C13.4556 6.7335 13.5722 6.69727 13.6833 6.65816C13.7944 6.6195 13.9 6.57238 14 6.51683V11.5835C14 11.8946 13.8973 12.1531 13.692 12.3588C13.4862 12.5642 13.2278 12.6668 12.9167 12.6668H3.08333Z\" fill=\"black\"></path>\n    <path d=\"M12.6667 5.51644C12.2 5.51644 11.8056 5.35244 11.4833 5.02444C11.1611 4.69688 11 4.30533 11 3.84977C11 3.38311 11.1611 2.98866 11.4833 2.66644C11.8056 2.34422 12.2 2.18311 12.6667 2.18311C13.1333 2.18311 13.5278 2.34422 13.85 2.66644C14.1722 2.98866 14.3333 3.38311 14.3333 3.84977C14.3333 4.30533 14.1722 4.69688 13.85 5.02444C13.5278 5.35244 13.1333 5.51644 12.6667 5.51644Z\" fill=\"#E0295D\"></path>\n</svg></span><span class=\"text-center\">S'abonner à la newsletter et 22%** économiser</span></a><div class=\"flex-row w-full hidden md:flex md:space-x-10 xl:space-x-14\"><a class=\"flex space-x-1 items-center\" href=\"/Newsletter\"><span class=\"w-5 h-5\"><svg width=\"16\" height=\"16\" viewBox=\"0 0 16 16\" fill=\"none\" xmlns=\"http://www.w3.org/2000/svg\" class=\"w-full h-full\">\n    <path d=\"M3.08333 12.6668C2.77222 12.6668 2.514 12.5642 2.30867 12.3588C2.10289 12.1531 2 11.8946 2 11.5835V4.41683C2 4.10572 2.10289 3.8475 2.30867 3.64216C2.514 3.43638 2.77222 3.3335 3.08333 3.3335H9.7C9.68889 3.44461 9.68044 3.55283 9.67467 3.65816C9.66933 3.76394 9.67222 3.87794 9.68333 4.00016H2.86667L8 7.3335L10.3833 5.7835C10.4611 5.86127 10.5418 5.9335 10.6253 6.00016C10.7084 6.06683 10.7944 6.1335 10.8833 6.20016L8 8.0835L2.66667 4.5835V11.5835C2.66667 11.7057 2.70556 11.8057 2.78333 11.8835C2.86111 11.9613 2.96111 12.0002 3.08333 12.0002H12.9167C13.0389 12.0002 13.1389 11.9613 13.2167 11.8835C13.2944 11.8057 13.3333 11.7057 13.3333 11.5835V6.76683C13.4556 6.7335 13.5722 6.69727 13.6833 6.65816C13.7944 6.6195 13.9 6.57238 14 6.51683V11.5835C14 11.8946 13.8973 12.1531 13.692 12.3588C13.4862 12.5642 13.2278 12.6668 12.9167 12.6668H3.08333Z\" fill=\"black\"></path>\n    <path d=\"M12.6667 5.51644C12.2 5.51644 11.8056 5.35244 11.4833 5.02444C11.1611 4.69688 11 4.30533 11 3.84977C11 3.38311 11.1611 2.98866 11.4833 2.66644C11.8056 2.34422 12.2 2.18311 12.6667 2.18311C13.1333 2.18311 13.5278 2.34422 13.85 2.66644C14.1722 2.98866 14.3333 3.38311 14.3333 3.84977C14.3333 4.30533 14.1722 4.69688 13.85 5.02444C13.5278 5.35244 13.1333 5.51644 12.6667 5.51644Z\" fill=\"#E0295D\"></path>\n</svg></span><span>S'abonner à la newsletter et 22%** économiser</span></a><a class=\"flex space-x-1 items-center\" href=\"/themes-de-laide/avantages-exclusifs#retour-de-180-jours\"><span class=\"w-5 h-5\"><svg width=\"16\" height=\"16\" viewBox=\"0 -2 16 16\" fill=\"none\" xmlns=\"http://www.w3.org/2000/svg\" class=\"w-full h-full\">\n    <path d=\"M1.93307 9.3333V8.66663H6.33307C7.13307 8.66663 7.82196 8.41397 8.39974 7.90863C8.97752 7.40286 9.26641 6.76663 9.26641 5.99997C9.26641 5.2333 8.97752 4.59708 8.39974 4.0913C7.82196 3.58597 7.13307 3.3333 6.33307 3.3333H1.33307L3.39974 5.39997L2.93307 5.86663L0.0664062 2.99997L2.93307 0.133301L3.39974 0.599968L1.33307 2.66663H6.33307C7.31085 2.66663 8.15529 2.9833 8.86641 3.61663C9.57752 4.24997 9.93307 5.04441 9.93307 5.99997C9.93307 6.95552 9.57752 7.74997 8.86641 8.3833C8.15529 9.01663 7.31085 9.3333 6.33307 9.3333H1.93307Z\" fill=\"black\">\n    </path>\n</svg></span><span>Droit de retour de 180&nbsp;jours</span></a><a class=\"flex space-x-1 items-center\" href=\"https://fr.trustpilot.com/review/parfumdreams.fr\"><span class=\"\"><svg width=\"64\" height=\"15\" viewBox=\"0 0 77 15\" xmlns=\"http://www.w3.org/2000/svg\">\n              <image xlink:href=\"//images-static.trustpilot.com/api/stars/4/star.svg\" width=\"100%\" height=\"100%\"></image>\n            </svg></span><span><span class=\"whitespace-pre\">5935 Évaluations</span> sur Trustpilot</span></a><a class=\"flex space-x-1 items-center\" href=\"/frais-dexpedition\"><span class=\"w-5 h-5\"><svg width=\"16\" height=\"16\" viewBox=\"0 -2 16 16\" fill=\"none\" xmlns=\"http://www.w3.org/2000/svg\" class=\"w-full h-full\">\n    <path d=\"M2.80046 9.75016C2.31157 9.75016 1.89779 9.58083 1.55912 9.24216C1.22001 8.90305 1.05046 8.48905 1.05046 8.00016H0.133789V1.41683C0.133789 1.10572 0.236678 0.847496 0.442456 0.642163C0.647789 0.436385 0.900456 0.333496 1.20046 0.333496H10.0338V2.75016H11.5671L13.8671 5.85016V8.00016H12.8005C12.8005 8.48905 12.6311 8.90305 12.2925 9.24216C11.9533 9.58083 11.5393 9.75016 11.0505 9.75016C10.5616 9.75016 10.1478 9.58083 9.80912 9.24216C9.47001 8.90305 9.30046 8.48905 9.30046 8.00016H4.53379C4.53379 8.48905 4.36446 8.90305 4.02579 9.24216C3.68668 9.58083 3.27823 9.75016 2.80046 9.75016ZM2.80046 9.0835C3.10046 9.0835 3.35334 8.97794 3.55912 8.76683C3.76446 8.55572 3.86712 8.30016 3.86712 8.00016C3.86712 7.70016 3.76446 7.44461 3.55912 7.2335C3.35334 7.02239 3.10046 6.91683 2.80046 6.91683C2.50046 6.91683 2.2449 7.02239 2.03379 7.2335C1.82268 7.44461 1.71712 7.70016 1.71712 8.00016C1.71712 8.30016 1.82268 8.55572 2.03379 8.76683C2.2449 8.97794 2.50046 9.0835 2.80046 9.0835ZM0.800456 7.3335H1.23379C1.32268 7.04461 1.51446 6.79194 1.80912 6.5755C2.10334 6.35861 2.43379 6.25016 2.80046 6.25016C3.1449 6.25016 3.46712 6.35572 3.76712 6.56683C4.06712 6.77794 4.26712 7.0335 4.36712 7.3335H9.36712V1.00016H1.20046C1.10046 1.00016 1.0089 1.04194 0.925789 1.1255C0.842234 1.20861 0.800456 1.30572 0.800456 1.41683V7.3335ZM11.0505 9.0835C11.3505 9.0835 11.606 8.97794 11.8171 8.76683C12.0282 8.55572 12.1338 8.30016 12.1338 8.00016C12.1338 7.70016 12.0282 7.44461 11.8171 7.2335C11.606 7.02239 11.3505 6.91683 11.0505 6.91683C10.7505 6.91683 10.4949 7.02239 10.2838 7.2335C10.0727 7.44461 9.96712 7.70016 9.96712 8.00016C9.96712 8.30016 10.0727 8.55572 10.2838 8.76683C10.4949 8.97794 10.7505 9.0835 11.0505 9.0835ZM10.0338 6.00016H13.1671L11.2005 3.41683H10.0338V6.00016Z\" fill=\"black\"></path>\n</svg></span><span>Livraison gratuite à partir de 49,90 €*</span></a></div></li></ul>\n                <ul class=\"hidden lg:flex space-x-6 justify-end items-center ml-12\"><li class=\"hidden w-20 h-4 premium:flex\"><span class=\"flex h-4 w-20 bg-no-repeat bg-premium-subscription-active\"></span></li><li class=\"premium:hidden\"><div data-behaviour=\"bubble\" data-initialized=\"true\"><div class=\"group\"><span>Premium</span><div class=\"absolute hidden group-hover:block p-4 border border-mediumgray bg-white z-20 transform w-80 -translate-x-2/3\"><div><div class=\"mb-2.5\"><span class=\"left-0\"><svg width=\"83\" height=\"20\" viewBox=\"0 0 63 15\" fill=\"none\" xmlns=\"http://www.w3.org/2000/svg\"><path fill-rule=\"evenodd\" clip-rule=\"evenodd\" d=\"M5.93186 14.0349C7.05571 14.6679 8.32387 15.0004 9.61376 15C10.5987 15 11.5739 14.806 12.4839 14.4291C13.3938 14.0522 14.2206 13.4997 14.917 12.8033C15.6135 12.1069 16.1659 11.2801 16.5428 10.3701C16.9197 9.46021 17.1137 8.48495 17.1137 7.50004C17.1137 6.51513 16.9197 5.53986 16.5428 4.62993C16.1659 3.71999 15.6135 2.8932 14.917 2.19676C14.2206 1.50033 13.3938 0.947885 12.4839 0.570976C11.5739 0.194068 10.5987 7.50598e-05 9.61376 7.50806e-05C8.60049 -0.00447981 7.597 0.198259 6.66498 0.595826C5.73295 0.993394 4.89209 1.57739 4.19408 2.31191C4.15692 2.35077 4.12778 2.39657 4.10832 2.44669C4.08886 2.49681 4.07946 2.55028 4.08066 2.60403C4.08187 2.65779 4.09364 2.71078 4.11533 2.75998C4.13701 2.80918 4.16817 2.85363 4.20703 2.89079C4.24589 2.92795 4.29169 2.9571 4.34181 2.97656C4.39193 2.99602 4.4454 3.00541 4.49915 3.00421C4.55291 3.00301 4.6059 2.99123 4.6551 2.96955C4.7043 2.94787 4.74875 2.91671 4.78591 2.87785C5.75152 1.86903 7.00892 1.18806 8.38146 0.930616C9.75399 0.673171 11.1727 0.852184 12.4383 1.44251C13.7038 2.03283 14.7526 3.00479 15.4374 4.22186C16.1221 5.43893 16.4084 6.83993 16.256 8.22806C16.1035 9.61618 15.52 10.9217 14.5875 11.9611C13.6549 13.0006 12.4201 13.7218 11.0566 14.0234C9.69312 14.325 8.26938 14.1918 6.98543 13.6426C5.70147 13.0935 4.62183 12.1558 3.89817 10.9615C3.84186 10.8687 3.75099 10.8021 3.64555 10.7763C3.54011 10.7505 3.42873 10.7676 3.33593 10.8239C3.24312 10.8802 3.17649 10.9711 3.15069 11.0765C3.12488 11.182 3.14202 11.2933 3.19833 11.3861C3.8665 12.4895 4.80802 13.4018 5.93186 14.0349ZM44.4125 9.70678V4.01486C44.4154 3.97074 44.4089 3.92652 44.3935 3.88509C44.3781 3.84366 44.3541 3.80595 44.323 3.77445C44.292 3.74295 44.2547 3.71835 44.2135 3.70229C44.1723 3.68622 44.1282 3.67904 44.0841 3.68122C44.0174 3.68058 43.952 3.69932 43.8958 3.73518C43.8395 3.77103 43.795 3.82245 43.7674 3.88318L41.8529 7.49334L39.9383 3.88318C39.9099 3.8214 39.864 3.76932 39.8062 3.73341C39.7485 3.69751 39.6815 3.67936 39.6135 3.68122C39.5691 3.67888 39.5246 3.68591 39.483 3.70184C39.4414 3.71777 39.4037 3.74225 39.3722 3.7737C39.3406 3.80515 39.3161 3.84287 39.3001 3.88441C39.284 3.92595 39.2769 3.97039 39.2791 4.01486V9.70678C39.283 9.7857 39.3171 9.8601 39.3743 9.91458C39.4315 9.96906 39.5075 9.99945 39.5865 9.99945C39.6655 9.99945 39.7415 9.96906 39.7987 9.91458C39.856 9.8601 39.89 9.7857 39.8939 9.70678V4.99878L41.554 8.18726C41.5823 8.24036 41.6252 8.28425 41.6776 8.31374C41.7301 8.34324 41.7898 8.35711 41.8499 8.35371C41.9091 8.35659 41.9679 8.34244 42.0193 8.31294C42.0707 8.28344 42.1125 8.23983 42.1399 8.18726L43.8089 4.99878V9.70678C43.8074 9.74657 43.8139 9.78624 43.8281 9.82344C43.8423 9.86063 43.8639 9.89457 43.8915 9.92324C43.9191 9.9519 43.9523 9.9747 43.9889 9.99026C44.0256 10.0058 44.065 10.0138 44.1048 10.0138C44.1452 10.0141 44.1853 10.0064 44.2227 9.99104C44.2601 9.97572 44.2942 9.95313 44.3228 9.92457C44.3514 9.89602 44.3741 9.86206 44.3895 9.82468C44.4049 9.78729 44.4127 9.74722 44.4125 9.70678ZM36.415 3.77309C36.4874 3.78122 36.5541 3.81569 36.6026 3.86994C36.6511 3.92419 36.6779 3.9944 36.6779 4.06716C36.6779 4.13992 36.6511 4.21013 36.6026 4.26438C36.5541 4.31862 36.4874 4.3531 36.415 4.36122H34.0189V6.43633H36.3026C36.3414 6.43459 36.3802 6.44086 36.4165 6.45474C36.4528 6.46862 36.4858 6.48982 36.5136 6.51702C36.5413 6.54422 36.5632 6.57683 36.5778 6.61284C36.5924 6.64885 36.5995 6.68748 36.5985 6.72632C36.5992 6.76538 36.592 6.80417 36.5774 6.84039C36.5628 6.87661 36.541 6.90951 36.5134 6.93713C36.4858 6.96475 36.4529 6.98652 36.4167 7.00114C36.3804 7.01577 36.3416 7.02294 36.3026 7.02224H34.0189V9.33186H36.4779C36.5502 9.33998 36.617 9.37445 36.6655 9.4287C36.714 9.48295 36.7408 9.55316 36.7408 9.62592C36.7408 9.69868 36.714 9.76889 36.6655 9.82314C36.617 9.87738 36.5502 9.91186 36.4779 9.91998H33.7888C33.7385 9.92137 33.6884 9.91263 33.6415 9.89427C33.5946 9.87592 33.5518 9.84832 33.5158 9.81313C33.4798 9.77793 33.4512 9.73586 33.4318 9.6894C33.4123 9.64295 33.4024 9.59305 33.4026 9.54269V4.14225C33.4024 4.09185 33.4123 4.04193 33.4318 3.99543C33.4512 3.94894 33.4798 3.90682 33.5158 3.87156C33.5518 3.83631 33.5945 3.80864 33.6414 3.7902C33.6883 3.77176 33.7384 3.76293 33.7888 3.76422L36.415 3.77309ZM24.6984 5.57368C24.6984 4.56387 24.0489 3.77304 22.8453 3.77304L21.4493 3.76934C21.3479 3.76835 21.2502 3.80758 21.1777 3.87844C21.1052 3.94929 21.0637 4.046 21.0624 4.14737V9.71057C21.0662 9.78949 21.1003 9.86389 21.1575 9.91837C21.2148 9.97285 21.2907 10.0032 21.3697 10.0032C21.4488 10.0032 21.5247 9.97285 21.582 9.91837C21.6392 9.86389 21.6733 9.78949 21.6771 9.71057V7.32106H22.9155C24.04 7.32106 24.6984 6.65377 24.6984 5.57368ZM21.6771 6.75956V4.34416L22.8453 4.34638C23.6013 4.34638 24.0925 4.83611 24.0925 5.5759C24.0925 6.27648 23.6709 6.75956 22.8453 6.75956H21.6771ZM30.8352 5.51228C30.8352 4.51283 30.2012 3.77304 29.0597 3.77304L27.4795 3.76934C27.3782 3.76836 27.2806 3.80761 27.2082 3.87848C27.1358 3.94936 27.0945 4.04606 27.0933 4.14737V9.70687C27.0972 9.78579 27.1313 9.86019 27.1885 9.91467C27.2457 9.96915 27.3217 9.99954 27.4007 9.99954C27.4797 9.99954 27.5557 9.96915 27.6129 9.91467C27.6701 9.86019 27.7042 9.78579 27.7081 9.70687V7.20343H28.7882L30.3514 9.8822C30.3784 9.92274 30.415 9.95597 30.458 9.97894C30.501 10.0019 30.549 10.0139 30.5977 10.0139C30.6788 10.0129 30.7564 9.98027 30.8137 9.9229C30.8711 9.86553 30.9038 9.788 30.9047 9.70687C30.9035 9.64042 30.8821 9.5759 30.8433 9.52193L29.4651 7.12798C30.2996 7.00517 30.8352 6.4163 30.8352 5.51228ZM27.7074 6.6375V4.34416L29.0597 4.34564C29.7973 4.34564 30.2278 4.82872 30.2278 5.52264C30.2278 6.24245 29.7536 6.6375 29.0597 6.6375H27.7074ZM47.8643 3.98023V9.7158C47.8605 9.79471 47.8264 9.86912 47.7692 9.9236C47.712 9.97808 47.636 10.0085 47.557 10.0085C47.478 10.0085 47.402 9.97808 47.3448 9.9236C47.2875 9.86912 47.2535 9.79471 47.2496 9.7158V3.98023C47.2535 3.90132 47.2875 3.82692 47.3448 3.77243C47.402 3.71795 47.478 3.68756 47.557 3.68756C47.636 3.68756 47.712 3.71795 47.7692 3.77243C47.8264 3.82692 47.8605 3.90132 47.8643 3.98023ZM54.6952 7.98374V3.98889C54.6957 3.94889 54.6883 3.9092 54.6734 3.87207C54.6586 3.83495 54.6365 3.80112 54.6085 3.77254C54.5806 3.74395 54.5472 3.72116 54.5104 3.70548C54.4737 3.68979 54.4341 3.68152 54.3941 3.68113C54.3535 3.68022 54.3131 3.68756 54.2754 3.70271C54.2377 3.71786 54.2035 3.74051 54.1748 3.76928C54.1461 3.79806 54.1235 3.83235 54.1084 3.8701C54.0934 3.90785 54.0861 3.94826 54.0871 3.98889V8.01111C54.0871 8.89811 53.55 9.4426 52.646 9.4426C51.742 9.4426 51.2057 8.89885 51.2057 8.01111V3.98889C51.2073 3.94904 51.2008 3.90928 51.1866 3.872C51.1725 3.83472 51.1509 3.80069 51.1233 3.77195C51.0956 3.7432 51.0625 3.72034 51.0258 3.70474C50.9891 3.68913 50.9496 3.6811 50.9097 3.68113C50.8692 3.68084 50.8291 3.6886 50.7916 3.70396C50.7542 3.71932 50.7201 3.74198 50.6915 3.77061C50.6628 3.79925 50.6402 3.83329 50.6248 3.87076C50.6095 3.90824 50.6017 3.94839 50.602 3.98889V7.98374C50.602 9.23915 51.3166 10.0122 52.6482 10.0122C53.9488 10.0122 54.6952 9.24803 54.6952 7.98374ZM62.5793 4.01482V9.70675C62.5795 9.74712 62.5717 9.78713 62.5563 9.82447C62.541 9.8618 62.5184 9.89573 62.4898 9.92427C62.4613 9.95282 62.4273 9.97543 62.39 9.99079C62.3527 10.0061 62.3127 10.014 62.2723 10.0138C62.2325 10.0138 62.1931 10.0058 62.1564 9.99022C62.1198 9.97466 62.0866 9.95187 62.059 9.9232C62.0314 9.89454 62.0098 9.86059 61.9956 9.8234C61.9814 9.78621 61.9749 9.74653 61.9764 9.70675V4.99874L60.3074 8.18722C60.2802 8.23979 60.2385 8.28343 60.1872 8.31294C60.1359 8.34245 60.0773 8.3566 60.0182 8.35368C59.9581 8.35716 59.8982 8.34333 59.8458 8.31383C59.7933 8.28432 59.7505 8.24038 59.7222 8.18722L58.0622 4.99874V9.70675C58.0583 9.78566 58.0242 9.86006 57.967 9.91454C57.9098 9.96903 57.8338 9.99941 57.7548 9.99941C57.6758 9.99941 57.5998 9.96903 57.5426 9.91454C57.4853 9.86006 57.4513 9.78566 57.4474 9.70675V4.01482C57.4452 3.97042 57.4523 3.92604 57.4682 3.88456C57.4842 3.84307 57.5087 3.80539 57.5402 3.77395C57.5716 3.74251 57.6093 3.71801 57.6508 3.70204C57.6923 3.68606 57.7366 3.67895 57.781 3.68118C57.849 3.67922 57.9161 3.69733 57.9738 3.73325C58.0316 3.76916 58.0775 3.8213 58.1058 3.88314L60.0211 7.4933L61.9357 3.88314C61.963 3.82241 62.0074 3.77097 62.0635 3.7351C62.1196 3.69923 62.185 3.68049 62.2516 3.68118C62.2957 3.67911 62.3397 3.68637 62.3808 3.70248C62.4219 3.7186 62.4591 3.74321 62.4901 3.7747C62.521 3.80619 62.5449 3.84386 62.5603 3.88523C62.5757 3.92661 62.5822 3.97077 62.5793 4.01482ZM3.12822 9.58919C3.40375 9.82201 3.75288 9.94966 4.11361 9.94946V9.94724C4.36435 9.94724 4.61125 9.88567 4.83263 9.76793C5.05401 9.6502 5.24309 9.4799 5.38327 9.27201C5.52345 9.06412 5.61044 8.82498 5.63659 8.57561C5.66274 8.32624 5.62726 8.07426 5.53327 7.84181C5.81559 7.66594 6.03298 7.40294 6.15257 7.09255C6.27215 6.78217 6.28742 6.44129 6.19608 6.12146C6.10473 5.80163 5.91174 5.52023 5.64627 5.31982C5.3808 5.11941 5.0573 5.01088 4.72468 5.01065C4.70702 5.01065 4.6888 5.01156 4.6705 5.01248L4.67047 5.01248C4.65198 5.01341 4.6334 5.01434 4.61519 5.01434C4.53361 4.68146 4.34271 4.38557 4.07306 4.17403C3.80341 3.96248 3.47058 3.8475 3.12785 3.8475C2.78512 3.8475 2.45229 3.96248 2.18264 4.17403C1.91298 4.38557 1.72209 4.68146 1.64051 5.01434C1.60427 5.01065 1.56729 5.01065 1.53031 5.01065H1.53028C1.19766 5.01088 0.874154 5.11941 0.608687 5.31982C0.34322 5.52023 0.150223 5.80163 0.0588775 6.12146C-0.0324677 6.44129 -0.0171942 6.78217 0.102389 7.09255C0.221973 7.40294 0.439363 7.66594 0.72169 7.84181C0.592509 8.159 0.573387 8.51034 0.667379 8.83968C0.761372 9.16902 0.963054 9.45734 1.24019 9.65857C1.51733 9.8598 1.85392 9.96232 2.19618 9.94974C2.53844 9.93716 2.8666 9.81021 3.12822 9.58919ZM3.48775 8.75767L3.12822 8.09556L2.76942 8.75767C2.69378 8.89686 2.57394 9.0069 2.42882 9.07043C2.2837 9.13396 2.12155 9.14737 1.96797 9.10853C1.81438 9.06968 1.67811 8.98081 1.58063 8.85593C1.48316 8.73105 1.43005 8.57726 1.42967 8.41884C1.42879 8.23623 1.4988 8.06039 1.62497 7.92837L2.148 7.37944L1.40155 7.24406C1.3016 7.22566 1.20674 7.1861 1.12332 7.12805C1.0399 7.06999 0.969859 6.99477 0.91788 6.90744C0.865902 6.8201 0.833189 6.72267 0.821936 6.62166C0.810684 6.52065 0.82115 6.41841 0.852634 6.32178C0.884118 6.22514 0.935893 6.13636 1.00449 6.06137C1.07308 5.98637 1.15691 5.92691 1.25036 5.88696C1.34381 5.84701 1.44473 5.82749 1.54633 5.82972C1.64794 5.83194 1.7479 5.85586 1.83951 5.89987L2.52973 6.22981L2.42394 5.47449C2.41944 5.44338 2.41721 5.41198 2.41728 5.38054C2.41728 5.1914 2.49242 5.01 2.62616 4.87626C2.7599 4.74252 2.9413 4.66738 3.13044 4.66738C3.31958 4.66738 3.50097 4.74252 3.63471 4.87626C3.76846 5.01 3.84359 5.1914 3.84359 5.38054C3.84366 5.41198 3.84144 5.44338 3.83693 5.47449L3.72671 6.22981L4.41471 5.89987C4.50628 5.85596 4.60618 5.83211 4.70772 5.82993C4.80925 5.82775 4.91008 5.84728 5.00346 5.88721C5.09684 5.92714 5.18061 5.98656 5.24917 6.06149C5.31773 6.13641 5.3695 6.22511 5.40101 6.32166C5.43252 6.41821 5.44304 6.52037 5.43188 6.62132C5.42071 6.72226 5.38812 6.81965 5.33627 6.90698C5.28443 6.99431 5.21453 7.06956 5.13126 7.12769C5.04798 7.18582 4.95325 7.2255 4.8534 7.24406L4.11361 7.37944L4.63147 7.92837C4.70114 8.002 4.7543 8.08967 4.78739 8.18549C4.82048 8.28132 4.83273 8.3831 4.82334 8.48405C4.81394 8.58499 4.78311 8.68276 4.7329 8.77084C4.68269 8.85891 4.61426 8.93525 4.53219 8.99476C4.45012 9.05427 4.35629 9.09558 4.25697 9.11593C4.15765 9.13628 4.05514 9.13519 3.95628 9.11275C3.85741 9.09031 3.76448 9.04702 3.68368 8.98579C3.60289 8.92456 3.53609 8.84678 3.48775 8.75767ZM7.82017 4.59053C7.82169 4.47388 7.85936 4.36056 7.928 4.26622C7.99664 4.17188 8.09286 4.10115 8.20338 4.06381C8.78463 3.86178 9.39608 3.76046 10.0114 3.76419C11.3164 3.76419 12.1908 4.65194 12.1908 5.95544V7.81157C12.1908 9.11729 11.3164 10.0036 10.0114 10.0036C9.52939 10.001 9.05572 9.8774 8.63394 9.64402V12.1467C8.63394 12.2002 8.62342 12.2531 8.60297 12.3024C8.58252 12.3518 8.55255 12.3966 8.51477 12.4344C8.47698 12.4722 8.43213 12.5022 8.38276 12.5226C8.3334 12.5431 8.28049 12.5536 8.22706 12.5536C8.17362 12.5536 8.12072 12.5431 8.07135 12.5226C8.02198 12.5022 7.97713 12.4722 7.93935 12.4344C7.90156 12.3966 7.87159 12.3518 7.85115 12.3024C7.8307 12.2531 7.82017 12.2002 7.82017 12.1467V4.59053ZM11.3763 5.89552C11.3763 5.03367 10.8585 4.51877 10.0114 4.51877C9.54481 4.51917 9.08075 4.5877 8.63394 4.72222V8.76959C9.00383 9.11729 9.49653 9.24897 10.0114 9.24897C10.8614 9.24897 11.3763 8.73112 11.3763 7.87223V5.89552Z\" fill=\"#323A45\"></path></svg></span></div>\n            <div class=\"font-bold text-base mb-5\">Vos avantages en tant que membre PREMIUM</div>\n            <div class=\"flex mb-2.5 justify-center\"><ul><li class=\"flex text-sm gap-2\"><img src=\"/images/premium-check.svg\" width=\"16\" height=\"16\"> 10&nbsp;% de remise sur les articles</li><li class=\"flex text-sm gap-2\"><img src=\"/images/premium-check.svg\" width=\"16\" height=\"16\"> Livraison express prioritaire</li><li class=\"flex text-sm gap-2\"><img src=\"/images/premium-check.svg\" width=\"16\" height=\"16\"> Livraison gratuite à partir de 20,00 €</li></ul></div>\n        <span id=\"premium-dialog-box-click-target\" class=\"flex h-12 justify-center items-center border border-r-1 border-black mt-4 cursor-pointer\" data-behaviour=\"premium-dialog-box\" data-props=\"{&quot;dialogModel&quot;:{&quot;title&quot;:&quot;Vos avantages en tant que membre PREMIUM&quot;,&quot;benefits&quot;:[{&quot;type&quot;:0,&quot;text&quot;:&quot;10\\u00A0% de remise sur les articles&quot;},{&quot;type&quot;:1,&quot;text&quot;:&quot;Livraison express prioritaire&quot;},{&quot;type&quot;:2,&quot;text&quot;:&quot;Livraison gratuite \\u00E0 partir de 20,00 \\u20AC&quot;}],&quot;conditions&quot;:&quot;Valable dans la boutique en ligne parfumdreams.fr. Facile \\u00E0 r\\u00E9silier dans \\u00AB\\u00A0Mon compte\\u00A0\\u00BB. La remise Premium n\\u2019est pas valable sur les cartes-cadeaux. Au terme des 12\\u00A0mois, l\\u2019adh\\u00E9sion est automatiquement prolong\\u00E9e de 12\\u00A0mois suppl\\u00E9mentaires. Si vous ne souhaitez pas renouveler votre abonnement Premium, vous pouvez le r\\u00E9silier dans la rubrique my\\u00A0parfumdreams jusqu\\u2019\\u00E0 14\\u00A0jours avant son expiration. En souscrivant \\u00E0 l\\u2019adh\\u00E9sion Premium, vous acceptez nos CGV.&quot;,&quot;pricePerSubscription&quot;:&quot;9,99\\u00A0\\u20AC pour 12\\u00A0mois*&quot;,&quot;legalInformation&quot;:&quot;*\\u00A0Remise Premium non valable sur les cartes-cadeaux. Profitez de contenus exclusifs et de newsletters Premium.&quot;,&quot;joinNowButton&quot;:&quot;Devenir membre maintenant&quot;},&quot;premiumVariation&quot;:{&quot;idArticle&quot;:107117,&quot;brandLine3Id&quot;:3121,&quot;category3Id&quot;:205,&quot;articleDescription&quot;:&quot;Adh\\u00E9sion Premium&quot;,&quot;additionalDescription&quot;:null,&quot;IsEx_b&quot;:false,&quot;brandLine1&quot;:&quot;parfumdreams&quot;,&quot;brandLine2&quot;:&quot;Accessoires&quot;,&quot;brandLine3&quot;:&quot;Parfumdreams&quot;,&quot;brandLine2Id&quot;:3120,&quot;brandLine1Id&quot;:3119,&quot;category1&quot;:&quot;Accessoires&quot;,&quot;category2&quot;:&quot;Int\\u00E9rieur \\u0026 Style de vie&quot;,&quot;category3&quot;:&quot;Autres&quot;,&quot;category1Id&quot;:139,&quot;category2Id&quot;:195,&quot;itemNumber&quot;:&quot;99999953&quot;,&quot;ean&quot;:&quot;00212287633&quot;,&quot;size&quot;:1,&quot;unit&quot;:&quot;Stk.&quot;,&quot;color&quot;:null,&quot;description&quot;:null,&quot;variationFlags&quot;:1,&quot;defaultProductImageFilename&quot;:null,&quot;quantity&quot;:1,&quot;properties&quot;:null,&quot;customAttributes&quot;:null,&quot;AlternativeDisplayMode_b&quot;:false,&quot;image&quot;:{&quot;name&quot;:null,&quot;url&quot;:&quot;https://cdn2.parfumdreams.de/image/product/107117-167056-0-0.webp&quot;,&quot;width&quot;:0,&quot;height&quot;:0,&quot;position&quot;:0,&quot;referenceId&quot;:0,&quot;link&quot;:null,&quot;alt&quot;:null,&quot;retinaImage&quot;:null},&quot;DaysReleased_i&quot;:1095,&quot;DefaultVariation_b&quot;:false,&quot;id&quot;:167056,&quot;idLanguage&quot;:{&quot;key&quot;:256,&quot;language&quot;:256,&quot;isDefault&quot;:true},&quot;isOffer&quot;:false,&quot;retailPriceTC&quot;:9.99,&quot;rrptc&quot;:0,&quot;pptc&quot;:null,&quot;resultingDiscount&quot;:0,&quot;margin&quot;:0,&quot;virtualAmount&quot;:10000,&quot;salesAmount&quot;:82424,&quot;ratingStars&quot;:3.8,&quot;ratingCount&quot;:5,&quot;RatingStars5Count_i&quot;:3,&quot;RatingStars4Count_i&quot;:0,&quot;RatingStars3Count_i&quot;:1,&quot;RatingStars2Count_i&quot;:0,&quot;RatingStars1Count_i&quot;:1,&quot;labelFlags&quot;:0,&quot;priceDisplayFlags&quot;:0,&quot;allowedPriceDisplayFlags&quot;:29732,&quot;saleWhenDiscountGTE&quot;:0.1,&quot;displayDiscountGTE&quot;:0.2,&quot;fromSalesCampaign&quot;:null,&quot;available&quot;:true,&quot;saleDisplayFlags&quot;:0,&quot;PriceDisplayFlagsArray_ss&quot;:[&quot;None&quot;],&quot;SaleDisplayFlagsArray_ss&quot;:[&quot;Default&quot;],&quot;OrderVariationLabelsArray_ss&quot;:null}}\">Plus d’infos</span></div></div></div></div></li><li class=\"hidden md:flex items-center space-x-2\"><a href=\"/themes-de-laide\" datatest-id=\"HelpAndContact\">Aide &amp; Contact</a></li></ul></div></div></div></div>\n\n<div class=\"bg-white screen-layout\"><div class=\"hide-in-checkout mx-4 sm:mx-8 md:mx-12 lg:mx-16 grid grid-cols-[1fr_auto] grid-rows-[3rem_3rem] lg:grid-rows-[6rem] items-center gap-2\"><div class=\"col-start-1 row-start-1 flex items-center\"><div class=\"flex flex-col col-span-1 lg:hidden\" data-behaviour=\"navigationMenuToggler\" data-initialized=\"true\"><svg xmlns=\"http://www.w3.org/2000/svg\" fill=\"none\" viewBox=\"0 0 24 24\" stroke-width=\"1.5\" stroke=\"currentColor\" class=\"w-6 h-6\"><path stroke-linecap=\"round\" stroke-linejoin=\"round\" d=\"M3.75 6.75h16.5M3.75 12h16.5m-16.5 5.25h16.5\"></path></svg>\n    <p class=\"text-2xs\">Menu</p></div>\n<div id=\"sidebar\" class=\"fixed w-screen h-dvh top-0 left-0 bg-white z-100 overflow-y-auto hidden\"><div class=\"w-full\"><div class=\"py-4 text-black\"><div class=\"flex justify-between\"><a href=\"/\"><img class=\"max-w-3xs ml-4 mt-4\" src=\"/images/logo.svg\" alt=\"Parfumdreams\" loading=\"lazy\"></a>\n                <svg class=\"mr-4 mt-4 h-5 w-5\" data-behaviour=\"navigationMenuToggler\" viewBox=\"0 0 24 24\" fill=\"none\" xmlns=\"http://www.w3.org/2000/svg\" data-initialized=\"true\"><path d=\"M12 12.7L6.75 17.95C6.66667 18.05 6.554 18.1043 6.412 18.113C6.27067 18.121 6.15 18.0667 6.05 17.95C5.93333 17.85 5.875 17.7333 5.875 17.6C5.875 17.4667 5.93333 17.35 6.05 17.25L11.3 12L6.05 6.75C5.95 6.66667 5.896 6.554 5.888 6.412C5.87933 6.27067 5.93333 6.15 6.05 6.05C6.15 5.93333 6.26667 5.875 6.4 5.875C6.53333 5.875 6.65 5.93333 6.75 6.05L12 11.3L17.25 6.05C17.3333 5.95 17.4457 5.89567 17.587 5.887C17.729 5.879 17.85 5.93333 17.95 6.05C18.0667 6.15 18.125 6.26667 18.125 6.4C18.125 6.53333 18.0667 6.65 17.95 6.75L12.7 12L17.95 17.25C18.05 17.3333 18.1043 17.4457 18.113 17.587C18.121 17.729 18.0667 17.85 17.95 17.95C17.85 18.0667 17.7333 18.125 17.6 18.125C17.4667 18.125 17.35 18.0667 17.25 17.95L12 12.7Z\" fill=\"black\"></path></svg></div>\n            <div class=\"mt-6\"><ul class=\"bg-white divide-y divide-mediumgray list-outside *:pl-4\"><li class=\"flex py-4 pr-4 justify-between lg:block block\"><span>Marques</span>\n                <img src=\"/images/arrow-down.svg\" alt=\"Pfeil nach unten\"></li>\n            <ul class=\"hidden bg-white divide-y divide-mediumgray list-outside *:pl-4\" data-behaviour=\"navigationMenuDropdown-selector\" data-initialized=\"true\"><li class=\"flex py-4\"><a href=\"/Toutes-les-marques-de-parfum\" class=\"block w-full h-full\" data-behaviour=\"utag-link-event\" data-props=\"{&quot;content_id&quot;:&quot;Homepage&quot;,&quot;interaction_element&quot;:&quot;Marques&quot;,&quot;interaction_object&quot;:&quot;homepage.navigation.Marques&quot;,&quot;interaction_position&quot;:&quot;P0-0&quot;,&quot;interaction_type&quot;:&quot;click&quot;,&quot;interaction_component_name&quot;:null,&quot;interaction_type_parent&quot;:&quot;Navigation&quot;,&quot;interaction_type_detail&quot;:&quot;Main Navigation&quot;,&quot;interaction_page_position&quot;:&quot;P0&quot;,&quot;interaction_click&quot;:&quot;click&quot;}\" data-initialized=\"true\">Tout afficher</a></li><li class=\"flex py-4 pr-4 justify-between lg:block block\"><span>Marques top</span>\n                <img src=\"/images/arrow-down.svg\" alt=\"Pfeil nach unten\"></li>\n            <ul class=\"hidden bg-white divide-y divide-mediumgray list-outside *:pl-4\" data-behaviour=\"navigationMenuDropdown-selector\" data-initialized=\"true\"><li class=\"flex py-4\"><a href=\"/\" class=\"block w-full h-full\" data-behaviour=\"utag-link-event\" data-initialized=\"true\">Tout afficher</a></li><li class=\"flex py-4 lg:block block\" key=\"0\"><a href=\"/Lancome\" class=\"block w-full h-full\" data-behaviour=\"utag-link-event\" data-initialized=\"true\">Lancôme</a></li><li class=\"flex py-4 lg:block block\" key=\"0\"><a href=\"/Armani\" class=\"block w-full h-full\" data-behaviour=\"utag-link-event\" data-initialized=\"true\">Armani</a></li><li class=\"flex py-4 lg:block block\" key=\"0\"><a href=\"/Kerastase\" class=\"block w-full h-full\" data-behaviour=\"utag-link-event\" data-initialized=\"true\">Kérastase</a></li><li class=\"flex py-4 lg:block block\" key=\"0\"><a href=\"/Jean-Paul-Gaultier\" class=\"block w-full h-full\" data-behaviour=\"utag-link-event\" data-initialized=\"true\">Jean Paul Gaultier</a></li><li class=\"flex py-4 lg:block block\" key=\"0\"><a href=\"/SENSAI\" class=\"block w-full h-full\" data-behaviour=\"utag-link-event\" data-initialized=\"true\">SENSAI</a></li><li class=\"flex py-4 lg:block block\" key=\"0\"><a href=\"/Hugo-Boss\" class=\"block w-full h-full\" data-behaviour=\"utag-link-event\" data-initialized=\"true\">Hugo Boss</a></li><li class=\"flex py-4 lg:block block\" key=\"0\"><a href=\"/Narciso-Rodriguez\" class=\"block w-full h-full\" data-behaviour=\"utag-link-event\" data-initialized=\"true\">Narciso Rodriguez</a></li><li class=\"flex py-4 lg:block block\" key=\"0\"><a href=\"/Shiseido\" class=\"block w-full h-full\" data-behaviour=\"utag-link-event\" data-initialized=\"true\">Shiseido</a></li><li class=\"flex py-4 lg:block block\" key=\"0\"><a href=\"/Rabanne\" class=\"block w-full h-full\" data-behaviour=\"utag-link-event\" data-initialized=\"true\">Rabanne</a></li></ul><li class=\"flex py-4 pr-4 justify-between lg:block block\"><span>Marques premium</span>\n                <img src=\"/images/arrow-down.svg\" alt=\"Pfeil nach unten\"></li>\n            <ul class=\"hidden bg-white divide-y divide-mediumgray list-outside *:pl-4\" data-behaviour=\"navigationMenuDropdown-selector\" data-initialized=\"true\"><li class=\"flex py-4\"><a href=\"/\" class=\"block w-full h-full\" data-behaviour=\"utag-link-event\" data-initialized=\"true\">Tout afficher</a></li><li class=\"flex py-4 lg:block block\" key=\"0\"><a href=\"/Yves-Saint-Laurent\" class=\"block w-full h-full\" data-behaviour=\"utag-link-event\" data-initialized=\"true\">Yves Saint Laurent</a></li><li class=\"flex py-4 lg:block block\" key=\"0\"><a href=\"/GIVENCHY\" class=\"block w-full h-full\" data-behaviour=\"utag-link-event\" data-initialized=\"true\">GIVENCHY</a></li><li class=\"flex py-4 lg:block block\" key=\"0\"><a href=\"/GUERLAIN\" class=\"block w-full h-full\" data-behaviour=\"utag-link-event\" data-initialized=\"true\">GUERLAIN</a></li><li class=\"flex py-4 lg:block block\" key=\"0\"><a href=\"/Parfums-de-Marly\" class=\"block w-full h-full\" data-behaviour=\"utag-link-event\" data-initialized=\"true\">Parfums de Marly</a></li><li class=\"flex py-4 lg:block block\" key=\"0\"><a href=\"/INITIO-Parfums-Prives\" class=\"block w-full h-full\" data-behaviour=\"utag-link-event\" data-initialized=\"true\">INITIO Parfums Privés</a></li><li class=\"flex py-4 lg:block block\" key=\"0\"><a href=\"/La-Mer\" class=\"block w-full h-full\" data-behaviour=\"utag-link-event\" data-initialized=\"true\">La Mer</a></li><li class=\"flex py-4 lg:block block\" key=\"0\"><a href=\"/Tom-Ford\" class=\"block w-full h-full\" data-behaviour=\"utag-link-event\" data-initialized=\"true\">Tom Ford</a></li><li class=\"flex py-4 lg:block block\" key=\"0\"><a href=\"/Eisenberg\" class=\"block w-full h-full\" data-behaviour=\"utag-link-event\" data-initialized=\"true\">Eisenberg</a></li></ul><li class=\"flex py-4 pr-4 justify-between lg:block block\"><span>Nouveau</span>\n                <img src=\"/images/arrow-down.svg\" alt=\"Pfeil nach unten\"></li>\n            <ul class=\"hidden bg-white divide-y divide-mediumgray list-outside *:pl-4\" data-behaviour=\"navigationMenuDropdown-selector\" data-initialized=\"true\"><li class=\"flex py-4\"><a href=\"/\" class=\"block w-full h-full\" data-behaviour=\"utag-link-event\" data-initialized=\"true\">Tout afficher</a></li><li class=\"flex py-4 lg:block block\" key=\"0\"><a href=\"/Jo-Malone-London\" class=\"block w-full h-full\" data-behaviour=\"utag-link-event\" data-initialized=\"true\">Jo Malone London</a></li><li class=\"flex py-4 lg:block block\" key=\"0\"><a href=\"/Drybar\" class=\"block w-full h-full\" data-behaviour=\"utag-link-event\" data-initialized=\"true\">Drybar</a></li><li class=\"flex py-4 lg:block block\" key=\"0\"><a href=\"/Simone-Andreoli\" class=\"block w-full h-full\" data-behaviour=\"utag-link-event\" data-initialized=\"true\">Simone Andreoli</a></li><li class=\"flex py-4 lg:block block\" key=\"0\"><a href=\"/Kylie-Fragrance\" class=\"block w-full h-full\" data-behaviour=\"utag-link-event\" data-initialized=\"true\">Kylie Fragrance</a></li><li class=\"flex py-4 lg:block block\" key=\"0\"><a href=\"/Khloe-Kardashian\" class=\"block w-full h-full\" data-behaviour=\"utag-link-event\" data-initialized=\"true\">Khloé Kardashian</a></li><li class=\"flex py-4 lg:block block\" key=\"0\"><a href=\"/KAJAL\" class=\"block w-full h-full\" data-behaviour=\"utag-link-event\" data-initialized=\"true\">KAJAL</a></li><li class=\"flex py-4 lg:block block\" key=\"0\"><a href=\"/Doctor-Eckstein\" class=\"block w-full h-full\" data-behaviour=\"utag-link-event\" data-initialized=\"true\">Doctor Eckstein</a></li><li class=\"flex py-4 lg:block block\" key=\"0\"><a href=\"/Curlsmith\" class=\"block w-full h-full\" data-behaviour=\"utag-link-event\" data-initialized=\"true\">Curlsmith</a></li></ul></ul><li class=\"flex py-4 lg:block block\" key=\"0\"><a href=\"/Promotions\" class=\"block w-full h-full\" data-behaviour=\"utag-link-event\" data-props=\"{&quot;content_id&quot;:&quot;Homepage&quot;,&quot;interaction_element&quot;:&quot;Promos&quot;,&quot;interaction_object&quot;:&quot;homepage.navigation.Promos&quot;,&quot;interaction_position&quot;:&quot;P0-1&quot;,&quot;interaction_type&quot;:&quot;click&quot;,&quot;interaction_component_name&quot;:null,&quot;interaction_type_parent&quot;:&quot;Navigation&quot;,&quot;interaction_type_detail&quot;:&quot;Main Navigation&quot;,&quot;interaction_page_position&quot;:&quot;P0&quot;,&quot;interaction_click&quot;:&quot;click&quot;}\" data-initialized=\"true\">Promos</a></li><li class=\"flex py-4 lg:block block\" key=\"0\"><a href=\"/Fetes-des-meres\" class=\"block w-full h-full\" data-behaviour=\"utag-link-event\" data-props=\"{&quot;content_id&quot;:&quot;Homepage&quot;,&quot;interaction_element&quot;:&quot;\\uD83D\\uDC9C F\\u00EAtes des m\\u00E8res&quot;,&quot;interaction_object&quot;:&quot;homepage.navigation.\\uD83D\\uDC9C_F\\u00EAtes_des_m\\u00E8res&quot;,&quot;interaction_position&quot;:&quot;P0-2&quot;,&quot;interaction_type&quot;:&quot;click&quot;,&quot;interaction_component_name&quot;:null,&quot;interaction_type_parent&quot;:&quot;Navigation&quot;,&quot;interaction_type_detail&quot;:&quot;Main Navigation&quot;,&quot;interaction_page_position&quot;:&quot;P0&quot;,&quot;interaction_click&quot;:&quot;click&quot;}\" data-initialized=\"true\">💜 Fêtes des mères</a></li><li class=\"flex py-4 lg:block block\" key=\"0\"><a href=\"/Wedding-season\" class=\"block w-full h-full\" data-behaviour=\"utag-link-event\" data-props=\"{&quot;content_id&quot;:&quot;Homepage&quot;,&quot;interaction_element&quot;:&quot;Wedding Season&quot;,&quot;interaction_object&quot;:&quot;homepage.navigation.Wedding_Season&quot;,&quot;interaction_position&quot;:&quot;P0-3&quot;,&quot;interaction_type&quot;:&quot;click&quot;,&quot;interaction_component_name&quot;:null,&quot;interaction_type_parent&quot;:&quot;Navigation&quot;,&quot;interaction_type_detail&quot;:&quot;Main Navigation&quot;,&quot;interaction_page_position&quot;:&quot;P0&quot;,&quot;interaction_click&quot;:&quot;click&quot;}\" data-initialized=\"true\">Wedding Season</a></li><li class=\"flex py-4 pr-4 justify-between lg:block block\"><span>Parfums</span>\n                <img src=\"/images/arrow-down.svg\" alt=\"Pfeil nach unten\"></li>\n            <ul class=\"hidden bg-white divide-y divide-mediumgray list-outside *:pl-4\" data-behaviour=\"navigationMenuDropdown-selector\" data-initialized=\"true\"><li class=\"flex py-4\"><a href=\"/Parfums\" class=\"block w-full h-full\" data-behaviour=\"utag-link-event\" data-props=\"{&quot;content_id&quot;:&quot;Homepage&quot;,&quot;interaction_element&quot;:&quot;Parfums&quot;,&quot;interaction_object&quot;:&quot;homepage.navigation.Parfums&quot;,&quot;interaction_position&quot;:&quot;P0-4&quot;,&quot;interaction_type&quot;:&quot;click&quot;,&quot;interaction_component_name&quot;:null,&quot;interaction_type_parent&quot;:&quot;Navigation&quot;,&quot;interaction_type_detail&quot;:&quot;Main Navigation&quot;,&quot;interaction_page_position&quot;:&quot;P0&quot;,&quot;interaction_click&quot;:&quot;click&quot;}\" data-initialized=\"true\">Tout afficher</a></li><li class=\"flex py-4 pr-4 justify-between lg:block block\"><span>Parfums femme</span>\n                <img src=\"/images/arrow-down.svg\" alt=\"Pfeil nach unten\"></li>\n            <ul class=\"hidden bg-white divide-y divide-mediumgray list-outside *:pl-4\" data-behaviour=\"navigationMenuDropdown-selector\" data-initialized=\"true\"><li class=\"flex py-4\"><a href=\"/Parfums/Parfums-femme\" class=\"block w-full h-full\" data-behaviour=\"utag-link-event\" data-initialized=\"true\">Tout afficher</a></li><li class=\"flex py-4 lg:block block\" key=\"170\"><a href=\"/Parfums/Parfums-femme/Parfums\" class=\"block w-full h-full\" data-behaviour=\"utag-link-event\" data-initialized=\"true\">Parfums</a></li><li class=\"flex py-4 lg:block block\" key=\"946\"><a href=\"/Parfums/Parfums-femme/Parfums-cheveux\" class=\"block w-full h-full\" data-behaviour=\"utag-link-event\" data-initialized=\"true\">Parfums cheveux</a></li><li class=\"flex py-4 lg:block block\" key=\"723\"><a href=\"/Parfums/Parfums-femme/Brumes-parfumees\" class=\"block w-full h-full\" data-behaviour=\"utag-link-event\" data-initialized=\"true\">Brumes parfumées</a></li><li class=\"flex py-4 lg:block block\" key=\"171\"><a href=\"/Parfums/Parfums-femme/Gels-douche-femme\" class=\"block w-full h-full\" data-behaviour=\"utag-link-event\" data-initialized=\"true\">Gels douche femme</a></li><li class=\"flex py-4 lg:block block\" key=\"173\"><a href=\"/Parfums/Parfums-femme/Deodorants\" class=\"block w-full h-full\" data-behaviour=\"utag-link-event\" data-initialized=\"true\">Déodorants</a></li><li class=\"flex py-4 lg:block block\" key=\"169\"><a href=\"/Parfums/Parfums-femme/Soins-du-corps\" class=\"block w-full h-full\" data-behaviour=\"utag-link-event\" data-initialized=\"true\">Soins du corps</a></li><li class=\"flex py-4 lg:block block\" key=\"172\"><a href=\"/Parfums/Parfums-femme/Savons-parfumes\" class=\"block w-full h-full\" data-behaviour=\"utag-link-event\" data-initialized=\"true\">Savons parfumés</a></li><li class=\"flex py-4 lg:block block\" key=\"177\"><a href=\"/Parfums/Parfums-femme/Coffrets-parfums-femme\" class=\"block w-full h-full\" data-behaviour=\"utag-link-event\" data-initialized=\"true\">Coffrets parfums femme</a></li></ul><li class=\"flex py-4 pr-4 justify-between lg:block block\"><span>Parfums homme</span>\n                <img src=\"/images/arrow-down.svg\" alt=\"Pfeil nach unten\"></li>\n            <ul class=\"hidden bg-white divide-y divide-mediumgray list-outside *:pl-4\" data-behaviour=\"navigationMenuDropdown-selector\" data-initialized=\"true\"><li class=\"flex py-4\"><a href=\"/Parfums/Parfums-homme\" class=\"block w-full h-full\" data-behaviour=\"utag-link-event\" data-initialized=\"true\">Tout afficher</a></li><li class=\"flex py-4 lg:block block\" key=\"176\"><a href=\"/Parfums/Parfums-homme/Parfums\" class=\"block w-full h-full\" data-behaviour=\"utag-link-event\" data-initialized=\"true\">Parfums</a></li><li class=\"flex py-4 lg:block block\" key=\"183\"><a href=\"/Parfums/Parfums-homme/Apres-rasages\" class=\"block w-full h-full\" data-behaviour=\"utag-link-event\" data-initialized=\"true\">Après-rasages</a></li><li class=\"flex py-4 lg:block block\" key=\"190\"><a href=\"/Parfums/Parfums-homme/Soins-du-corps-homme\" class=\"block w-full h-full\" data-behaviour=\"utag-link-event\" data-initialized=\"true\">Soins du corps homme</a></li><li class=\"flex py-4 lg:block block\" key=\"185\"><a href=\"/Parfums/Parfums-homme/Gels-douche-homme\" class=\"block w-full h-full\" data-behaviour=\"utag-link-event\" data-initialized=\"true\">Gels douche homme</a></li><li class=\"flex py-4 lg:block block\" key=\"175\"><a href=\"/Parfums/Parfums-homme/Deodorants\" class=\"block w-full h-full\" data-behaviour=\"utag-link-event\" data-initialized=\"true\">Déodorants</a></li><li class=\"flex py-4 lg:block block\" key=\"186\"><a href=\"/Parfums/Parfums-homme/Coffrets-parfums-homme\" class=\"block w-full h-full\" data-behaviour=\"utag-link-event\" data-initialized=\"true\">Coffrets parfums homme</a></li><li class=\"flex py-4 lg:block block\" key=\"215\"><a href=\"/Parfums/Parfums-homme/Savons-homme\" class=\"block w-full h-full\" data-behaviour=\"utag-link-event\" data-initialized=\"true\">Savons homme</a></li></ul><li class=\"flex py-4 pr-4 justify-between lg:block block\"><span>Notes de parfum</span>\n                <img src=\"/images/arrow-down.svg\" alt=\"Pfeil nach unten\"></li>\n            <ul class=\"hidden bg-white divide-y divide-mediumgray list-outside *:pl-4\" data-behaviour=\"navigationMenuDropdown-selector\" data-initialized=\"true\"><li class=\"flex py-4\"><a href=\"/Parfums/Notes-de-parfum\" class=\"block w-full h-full\" data-behaviour=\"utag-link-event\" data-initialized=\"true\">Tout afficher</a></li><li class=\"flex py-4 lg:block block\" key=\"693\"><a href=\"/Parfums/Notes-de-parfum/Parfums-ambres\" class=\"block w-full h-full\" data-behaviour=\"utag-link-event\" data-initialized=\"true\">Parfums ambrés</a></li><li class=\"flex py-4 lg:block block\" key=\"684\"><a href=\"/Parfums/Notes-de-parfum/Parfums-orientaux\" class=\"block w-full h-full\" data-behaviour=\"utag-link-event\" data-initialized=\"true\">Parfums orientaux</a></li><li class=\"flex py-4 lg:block block\" key=\"687\"><a href=\"/Parfums/Notes-de-parfum/Parfums-fleuris\" class=\"block w-full h-full\" data-behaviour=\"utag-link-event\" data-initialized=\"true\">Parfums fleuris</a></li><li class=\"flex py-4 lg:block block\" key=\"688\"><a href=\"/Parfums/Notes-de-parfum/Parfums-fruites\" class=\"block w-full h-full\" data-behaviour=\"utag-link-event\" data-initialized=\"true\">Parfums fruités</a></li><li class=\"flex py-4 lg:block block\" key=\"685\"><a href=\"/Parfums/Notes-de-parfum/Parfums-frais\" class=\"block w-full h-full\" data-behaviour=\"utag-link-event\" data-initialized=\"true\">Parfums frais</a></li><li class=\"flex py-4 lg:block block\" key=\"689\"><a href=\"/Parfums/Notes-de-parfum/Parfums-aromatiques\" class=\"block w-full h-full\" data-behaviour=\"utag-link-event\" data-initialized=\"true\">Parfums aromatiques</a></li><li class=\"flex py-4 lg:block block\" key=\"703\"><a href=\"/Parfums/Notes-de-parfum/Parfums-bergamote\" class=\"block w-full h-full\" data-behaviour=\"utag-link-event\" data-initialized=\"true\">Parfums bergamote</a></li><li class=\"flex py-4 lg:block block\" key=\"686\"><a href=\"/Parfums/Notes-de-parfum/Parfums-boises\" class=\"block w-full h-full\" data-behaviour=\"utag-link-event\" data-initialized=\"true\">Parfums boisés</a></li><li class=\"flex py-4 lg:block block\" key=\"704\"><a href=\"/Parfums/Notes-de-parfum/Parfums-chypres\" class=\"block w-full h-full\" data-behaviour=\"utag-link-event\" data-initialized=\"true\">Parfums chyprés</a></li><li class=\"flex py-4 lg:block block\" key=\"692\"><a href=\"/Parfums/Notes-de-parfum/Parfums-citronnes\" class=\"block w-full h-full\" data-behaviour=\"utag-link-event\" data-initialized=\"true\">Parfums citronnés</a></li><li class=\"flex py-4 lg:block block\" key=\"705\"><a href=\"/Parfums/Notes-de-parfum/Parfums-coco\" class=\"block w-full h-full\" data-behaviour=\"utag-link-event\" data-initialized=\"true\">Parfums coco</a></li><li class=\"flex py-4 lg:block block\" key=\"690\"><a href=\"/Parfums/Notes-de-parfum/Parfums-epices\" class=\"block w-full h-full\" data-behaviour=\"utag-link-event\" data-initialized=\"true\">Parfums épicés</a></li><li class=\"flex py-4 lg:block block\" key=\"700\"><a href=\"/Parfums/Notes-de-parfum/Parfums-jasmin\" class=\"block w-full h-full\" data-behaviour=\"utag-link-event\" data-initialized=\"true\">Parfums jasmin</a></li><li class=\"flex py-4 lg:block block\" key=\"709\"><a href=\"/Parfums/Notes-de-parfum/Parfums-linge-frais\" class=\"block w-full h-full\" data-behaviour=\"utag-link-event\" data-initialized=\"true\">Parfums linge frais</a></li><li class=\"flex py-4 lg:block block\" key=\"701\"><a href=\"/Parfums/Notes-de-parfum/Parfums-lys\" class=\"block w-full h-full\" data-behaviour=\"utag-link-event\" data-initialized=\"true\">Parfums lys</a></li><li class=\"flex py-4 lg:block block\" key=\"696\"><a href=\"/Parfums/Notes-de-parfum/Parfums-moleculaires\" class=\"block w-full h-full\" data-behaviour=\"utag-link-event\" data-initialized=\"true\">Parfums moléculaires</a></li><li class=\"flex py-4 lg:block block\" key=\"697\"><a href=\"/Parfums/Notes-de-parfum/Parfums-musc\" class=\"block w-full h-full\" data-behaviour=\"utag-link-event\" data-initialized=\"true\">Parfums musc</a></li><li class=\"flex py-4 lg:block block\" key=\"698\"><a href=\"/Parfums/Notes-de-parfum/Parfums-oud\" class=\"block w-full h-full\" data-behaviour=\"utag-link-event\" data-initialized=\"true\">Parfums oud</a></li><li class=\"flex py-4 lg:block block\" key=\"695\"><a href=\"/Parfums/Notes-de-parfum/Parfums-patchouli\" class=\"block w-full h-full\" data-behaviour=\"utag-link-event\" data-initialized=\"true\">Parfums patchouli</a></li><li class=\"flex py-4 lg:block block\" key=\"702\"><a href=\"/Parfums/Notes-de-parfum/Parfums-pomme\" class=\"block w-full h-full\" data-behaviour=\"utag-link-event\" data-initialized=\"true\">Parfums pomme</a></li><li class=\"flex py-4 lg:block block\" key=\"691\"><a href=\"/Parfums/Notes-de-parfum/Parfums-poudres\" class=\"block w-full h-full\" data-behaviour=\"utag-link-event\" data-initialized=\"true\">Parfums poudrés</a></li><li class=\"flex py-4 lg:block block\" key=\"699\"><a href=\"/Parfums/Notes-de-parfum/Parfums-rose\" class=\"block w-full h-full\" data-behaviour=\"utag-link-event\" data-initialized=\"true\">Parfums rose</a></li><li class=\"flex py-4 lg:block block\" key=\"706\"><a href=\"/Parfums/Notes-de-parfum/Parfums-santal\" class=\"block w-full h-full\" data-behaviour=\"utag-link-event\" data-initialized=\"true\">Parfums santal</a></li><li class=\"flex py-4 lg:block block\" key=\"694\"><a href=\"/Parfums/Notes-de-parfum/Parfums-vanilles\" class=\"block w-full h-full\" data-behaviour=\"utag-link-event\" data-initialized=\"true\">Parfums vanillés</a></li><li class=\"flex py-4 lg:block block\" key=\"708\"><a href=\"/Parfums/Notes-de-parfum/Parfums-vetiver\" class=\"block w-full h-full\" data-behaviour=\"utag-link-event\" data-initialized=\"true\">Parfums vétiver</a></li><li class=\"flex py-4 lg:block block\" key=\"707\"><a href=\"/Parfums/Notes-de-parfum/Parfums-violette\" class=\"block w-full h-full\" data-behaviour=\"utag-link-event\" data-initialized=\"true\">Parfums violette</a></li></ul><li class=\"flex py-4 pr-4 justify-between lg:block block\"><span>Parfums par saison</span>\n                <img src=\"/images/arrow-down.svg\" alt=\"Pfeil nach unten\"></li>\n            <ul class=\"hidden bg-white divide-y divide-mediumgray list-outside *:pl-4\" data-behaviour=\"navigationMenuDropdown-selector\" data-initialized=\"true\"><li class=\"flex py-4\"><a href=\"/Parfums/Parfums-par-saison\" class=\"block w-full h-full\" data-behaviour=\"utag-link-event\" data-initialized=\"true\">Tout afficher</a></li><li class=\"flex py-4 lg:block block\" key=\"719\"><a href=\"/Parfums/Parfums-par-saison/Parfums-de-printemps\" class=\"block w-full h-full\" data-behaviour=\"utag-link-event\" data-initialized=\"true\">Parfums de printemps</a></li><li class=\"flex py-4 lg:block block\" key=\"721\"><a href=\"/Parfums/Parfums-par-saison/Parfums-dautomne\" class=\"block w-full h-full\" data-behaviour=\"utag-link-event\" data-initialized=\"true\">Parfums d’automne</a></li><li class=\"flex py-4 lg:block block\" key=\"720\"><a href=\"/Parfums/Parfums-par-saison/Parfums-dete\" class=\"block w-full h-full\" data-behaviour=\"utag-link-event\" data-initialized=\"true\">Parfums d’été</a></li><li class=\"flex py-4 lg:block block\" key=\"722\"><a href=\"/Parfums/Parfums-par-saison/Parfums-dhiver\" class=\"block w-full h-full\" data-behaviour=\"utag-link-event\" data-initialized=\"true\">Parfums d’hiver</a></li></ul><li class=\"flex py-4 pr-4 justify-between lg:block block\"><span>En vedette </span>\n                <img src=\"/images/arrow-down.svg\" alt=\"Pfeil nach unten\"></li>\n            <ul class=\"hidden bg-white divide-y divide-mediumgray list-outside *:pl-4\" data-behaviour=\"navigationMenuDropdown-selector\" data-initialized=\"true\"><li class=\"flex py-4\"><a href=\"/Parfums/En-vedette-\" class=\"block w-full h-full\" data-behaviour=\"utag-link-event\" data-initialized=\"true\">Tout afficher</a></li><li class=\"flex py-4 lg:block block\" key=\"1069\"><a href=\"/Parfums/En-vedette-/Eaux-de-Cologne\" class=\"block w-full h-full\" data-behaviour=\"utag-link-event\" data-initialized=\"true\">Eaux de Cologne</a></li><li class=\"flex py-4 lg:block block\" key=\"1067\"><a href=\"/Parfums/En-vedette-/Eaux-de-Parfum\" class=\"block w-full h-full\" data-behaviour=\"utag-link-event\" data-initialized=\"true\">Eaux de Parfum</a></li><li class=\"flex py-4 lg:block block\" key=\"1068\"><a href=\"/Parfums/En-vedette-/Eaux-de-toilette\" class=\"block w-full h-full\" data-behaviour=\"utag-link-event\" data-initialized=\"true\">Eaux de toilette</a></li><li class=\"flex py-4 lg:block block\" key=\"1062\"><a href=\"/Parfums/En-vedette-/Nouveautes-parfums\" class=\"block w-full h-full\" data-behaviour=\"utag-link-event\" data-initialized=\"true\">Nouveautés parfums</a></li><li class=\"flex py-4 lg:block block\" key=\"1063\"><a href=\"/Parfums/En-vedette-/Parfums-en-promo\" class=\"block w-full h-full\" data-behaviour=\"utag-link-event\" data-initialized=\"true\">Parfums en promo</a></li><li class=\"flex py-4 lg:block block\" key=\"1066\"><a href=\"/Parfums/En-vedette-/Parfums-miniatures\" class=\"block w-full h-full\" data-behaviour=\"utag-link-event\" data-initialized=\"true\">Parfums miniatures</a></li><li class=\"flex py-4 lg:block block\" key=\"1070\"><a href=\"/Parfums/En-vedette-/Parfums-sur-facture\" class=\"block w-full h-full\" data-behaviour=\"utag-link-event\" data-initialized=\"true\">Parfums sur facture</a></li><li class=\"flex py-4 lg:block block\" key=\"1064\"><a href=\"/Parfums/En-vedette-/Parfums-tendance\" class=\"block w-full h-full\" data-behaviour=\"utag-link-event\" data-initialized=\"true\">Parfums tendance</a></li><li class=\"flex py-4 lg:block block\" key=\"1065\"><a href=\"/Parfums/En-vedette-/Parfums-unisexes\" class=\"block w-full h-full\" data-behaviour=\"utag-link-event\" data-initialized=\"true\">Parfums unisexes</a></li></ul><li class=\"flex py-4 pr-4 justify-between lg:block block\"><span>Parfums par pays</span>\n                <img src=\"/images/arrow-down.svg\" alt=\"Pfeil nach unten\"></li>\n            <ul class=\"hidden bg-white divide-y divide-mediumgray list-outside *:pl-4\" data-behaviour=\"navigationMenuDropdown-selector\" data-initialized=\"true\"><li class=\"flex py-4\"><a href=\"/Parfums/Parfums-par-pays\" class=\"block w-full h-full\" data-behaviour=\"utag-link-event\" data-initialized=\"true\">Tout afficher</a></li><li class=\"flex py-4 lg:block block\" key=\"715\"><a href=\"/Parfums/Parfums-par-pays/Parfums-arabes\" class=\"block w-full h-full\" data-behaviour=\"utag-link-event\" data-initialized=\"true\">Parfums arabes</a></li><li class=\"flex py-4 lg:block block\" key=\"714\"><a href=\"/Parfums/Parfums-par-pays/Parfums-francais\" class=\"block w-full h-full\" data-behaviour=\"utag-link-event\" data-initialized=\"true\">Parfums français</a></li><li class=\"flex py-4 lg:block block\" key=\"716\"><a href=\"/Parfums/Parfums-par-pays/Parfums-italiens\" class=\"block w-full h-full\" data-behaviour=\"utag-link-event\" data-initialized=\"true\">Parfums italiens</a></li><li class=\"flex py-4 lg:block block\" key=\"717\"><a href=\"/Parfums/Parfums-par-pays/Parfums-espagnols\" class=\"block w-full h-full\" data-behaviour=\"utag-link-event\" data-initialized=\"true\">Parfums espagnols</a></li></ul><li class=\"flex py-4 pr-4 justify-between lg:block block\"><span>Parfums de luxe</span>\n                <img src=\"/images/arrow-down.svg\" alt=\"Pfeil nach unten\"></li>\n            <ul class=\"hidden bg-white divide-y divide-mediumgray list-outside *:pl-4\" data-behaviour=\"navigationMenuDropdown-selector\" data-initialized=\"true\"><li class=\"flex py-4\"><a href=\"/Parfums/Parfums-de-luxe\" class=\"block w-full h-full\" data-behaviour=\"utag-link-event\" data-initialized=\"true\">Tout afficher</a></li><li class=\"flex py-4 lg:block block\" key=\"711\"><a href=\"/Parfums/Parfums-de-luxe/Parfums-de-luxe-femme\" class=\"block w-full h-full\" data-behaviour=\"utag-link-event\" data-initialized=\"true\">Parfums de luxe femme</a></li><li class=\"flex py-4 lg:block block\" key=\"712\"><a href=\"/Parfums/Parfums-de-luxe/Parfums-de-luxe-homme\" class=\"block w-full h-full\" data-behaviour=\"utag-link-event\" data-initialized=\"true\">Parfums de luxe homme</a></li></ul><li class=\"flex py-4 pr-4 justify-between lg:block block\"><span>Parfums de niche</span>\n                <img src=\"/images/arrow-down.svg\" alt=\"Pfeil nach unten\"></li>\n            <ul class=\"hidden bg-white divide-y divide-mediumgray list-outside *:pl-4\" data-behaviour=\"navigationMenuDropdown-selector\" data-initialized=\"true\"><li class=\"flex py-4\"><a href=\"/Parfums/Parfums-de-niche\" class=\"block w-full h-full\" data-behaviour=\"utag-link-event\" data-initialized=\"true\">Tout afficher</a></li><li class=\"flex py-4 lg:block block\" key=\"681\"><a href=\"/Parfums/Parfums-de-niche/Parfums-de-niche-femme\" class=\"block w-full h-full\" data-behaviour=\"utag-link-event\" data-initialized=\"true\">Parfums de niche femme</a></li><li class=\"flex py-4 lg:block block\" key=\"682\"><a href=\"/Parfums/Parfums-de-niche/Parfums-de-niche-homme\" class=\"block w-full h-full\" data-behaviour=\"utag-link-event\" data-initialized=\"true\">Parfums de niche homme</a></li></ul><li class=\"flex py-4 pr-4 justify-between lg:block block\"><span>Parfums d’intérieur</span>\n                <img src=\"/images/arrow-down.svg\" alt=\"Pfeil nach unten\"></li>\n            <ul class=\"hidden bg-white divide-y divide-mediumgray list-outside *:pl-4\" data-behaviour=\"navigationMenuDropdown-selector\" data-initialized=\"true\"><li class=\"flex py-4\"><a href=\"/Parfums/Parfums-dinterieur\" class=\"block w-full h-full\" data-behaviour=\"utag-link-event\" data-initialized=\"true\">Tout afficher</a></li><li class=\"flex py-4 lg:block block\" key=\"644\"><a href=\"/Parfums/Parfums-dinterieur/Bougies-parfumees\" class=\"block w-full h-full\" data-behaviour=\"utag-link-event\" data-initialized=\"true\">Bougies parfumées</a></li><li class=\"flex py-4 lg:block block\" key=\"645\"><a href=\"/Parfums/Parfums-dinterieur/Diffuseurs-de-parfums\" class=\"block w-full h-full\" data-behaviour=\"utag-link-event\" data-initialized=\"true\">Diffuseurs de parfums</a></li><li class=\"flex py-4 lg:block block\" key=\"651\"><a href=\"/Parfums/Parfums-dinterieur/Diffuseurs-dhuiles-essentielles\" class=\"block w-full h-full\" data-behaviour=\"utag-link-event\" data-initialized=\"true\">Diffuseurs d’huiles essentielles</a></li><li class=\"flex py-4 lg:block block\" key=\"652\"><a href=\"/Parfums/Parfums-dinterieur/Pierres-parfumees\" class=\"block w-full h-full\" data-behaviour=\"utag-link-event\" data-initialized=\"true\">Pierres parfumées</a></li><li class=\"flex py-4 lg:block block\" key=\"646\"><a href=\"/Parfums/Parfums-dinterieur/Desodorisants-dinterieur\" class=\"block w-full h-full\" data-behaviour=\"utag-link-event\" data-initialized=\"true\">Désodorisants d’intérieur</a></li><li class=\"flex py-4 lg:block block\" key=\"653\"><a href=\"/Parfums/Parfums-dinterieur/Desodorisants-voiture\" class=\"block w-full h-full\" data-behaviour=\"utag-link-event\" data-initialized=\"true\">Désodorisants voiture</a></li></ul></ul><li class=\"flex py-4 pr-4 justify-between lg:block block\"><span>Cheveux</span>\n                <img src=\"/images/arrow-down.svg\" alt=\"Pfeil nach unten\"></li>\n            <ul class=\"hidden bg-white divide-y divide-mediumgray list-outside *:pl-4\" data-behaviour=\"navigationMenuDropdown-selector\" data-initialized=\"true\"><li class=\"flex py-4\"><a href=\"/Cheveux\" class=\"block w-full h-full\" data-behaviour=\"utag-link-event\" data-props=\"{&quot;content_id&quot;:&quot;Homepage&quot;,&quot;interaction_element&quot;:&quot;Cheveux&quot;,&quot;interaction_object&quot;:&quot;homepage.navigation.Cheveux&quot;,&quot;interaction_position&quot;:&quot;P0-5&quot;,&quot;interaction_type&quot;:&quot;click&quot;,&quot;interaction_component_name&quot;:null,&quot;interaction_type_parent&quot;:&quot;Navigation&quot;,&quot;interaction_type_detail&quot;:&quot;Main Navigation&quot;,&quot;interaction_page_position&quot;:&quot;P0&quot;,&quot;interaction_click&quot;:&quot;click&quot;}\" data-initialized=\"true\">Tout afficher</a></li><li class=\"flex py-4 pr-4 justify-between lg:block block\"><span>Shampooings</span>\n                <img src=\"/images/arrow-down.svg\" alt=\"Pfeil nach unten\"></li>\n            <ul class=\"hidden bg-white divide-y divide-mediumgray list-outside *:pl-4\" data-behaviour=\"navigationMenuDropdown-selector\" data-initialized=\"true\"><li class=\"flex py-4\"><a href=\"/Cheveux/Shampooings\" class=\"block w-full h-full\" data-behaviour=\"utag-link-event\" data-initialized=\"true\">Tout afficher</a></li><li class=\"flex py-4 lg:block block\" key=\"1078\"><a href=\"/Cheveux/Shampooings/Shampooing-a-la-keratine\" class=\"block w-full h-full\" data-behaviour=\"utag-link-event\" data-initialized=\"true\">Shampooing à la kératine</a></li><li class=\"flex py-4 lg:block block\" key=\"1080\"><a href=\"/Cheveux/Shampooings/Shampooing-a-lhuile-dargan\" class=\"block w-full h-full\" data-behaviour=\"utag-link-event\" data-initialized=\"true\">Shampooing à l'huile d'argan</a></li><li class=\"flex py-4 lg:block block\" key=\"337\"><a href=\"/Cheveux/Shampooings/Shampooing-lissant\" class=\"block w-full h-full\" data-behaviour=\"utag-link-event\" data-initialized=\"true\">Shampooing lissant</a></li><li class=\"flex py-4 lg:block block\" key=\"327\"><a href=\"/Cheveux/Shampooings/Shampooing-volumateur\" class=\"block w-full h-full\" data-behaviour=\"utag-link-event\" data-initialized=\"true\">Shampooing volumateur</a></li><li class=\"flex py-4 lg:block block\" key=\"333\"><a href=\"/Cheveux/Shampooings/Shampooing-hommes\" class=\"block w-full h-full\" data-behaviour=\"utag-link-event\" data-initialized=\"true\">Shampooing hommes</a></li><li class=\"flex py-4 lg:block block\" key=\"1081\"><a href=\"/Cheveux/Shampooings/Shampooing-au-tea-tree\" class=\"block w-full h-full\" data-behaviour=\"utag-link-event\" data-initialized=\"true\">Shampooing au tea tree</a></li><li class=\"flex py-4 lg:block block\" key=\"1077\"><a href=\"/Cheveux/Shampooings/Shampooing-cheveux-blancs\" class=\"block w-full h-full\" data-behaviour=\"utag-link-event\" data-initialized=\"true\">Shampooing cheveux blancs</a></li><li class=\"flex py-4 lg:block block\" key=\"1082\"><a href=\"/Cheveux/Shampooings/Shampooing-et-apres-shampooing-2-en-1\" class=\"block w-full h-full\" data-behaviour=\"utag-link-event\" data-initialized=\"true\">Shampooing et après-shampooing 2 en 1</a></li><li class=\"flex py-4 lg:block block\" key=\"1083\"><a href=\"/Cheveux/Shampooings/Shampooing-naturel\" class=\"block w-full h-full\" data-behaviour=\"utag-link-event\" data-initialized=\"true\">Shampooing naturel</a></li><li class=\"flex py-4 lg:block block\" key=\"1076\"><a href=\"/Cheveux/Shampooings/Shampooing-purifiant\" class=\"block w-full h-full\" data-behaviour=\"utag-link-event\" data-initialized=\"true\">Shampooing purifiant</a></li><li class=\"flex py-4 lg:block block\" key=\"1084\"><a href=\"/Cheveux/Shampooings/Shampooing-sans-sulfate-sans-silicone\" class=\"block w-full h-full\" data-behaviour=\"utag-link-event\" data-initialized=\"true\">Shampooing sans sulfate sans silicone</a></li><li class=\"flex py-4 lg:block block\" key=\"458\"><a href=\"/Cheveux/Shampooings/Shampooing-sec\" class=\"block w-full h-full\" data-behaviour=\"utag-link-event\" data-initialized=\"true\">Shampooing sec</a></li><li class=\"flex py-4 lg:block block\" key=\"330\"><a href=\"/Cheveux/Shampooings/Shampooing-antipelliculaire\" class=\"block w-full h-full\" data-behaviour=\"utag-link-event\" data-initialized=\"true\">Shampooing antipelliculaire</a></li><li class=\"flex py-4 lg:block block\" key=\"332\"><a href=\"/Cheveux/Shampooings/Shampooing-reparateur\" class=\"block w-full h-full\" data-behaviour=\"utag-link-event\" data-initialized=\"true\">Shampooing réparateur</a></li><li class=\"flex py-4 lg:block block\" key=\"329\"><a href=\"/Cheveux/Shampooings/Shampooing-cheveux-colores\" class=\"block w-full h-full\" data-behaviour=\"utag-link-event\" data-initialized=\"true\">Shampooing cheveux colorés</a></li><li class=\"flex py-4 lg:block block\" key=\"328\"><a href=\"/Cheveux/Shampooings/Shampooing-hydratant\" class=\"block w-full h-full\" data-behaviour=\"utag-link-event\" data-initialized=\"true\">Shampooing hydratant</a></li><li class=\"flex py-4 lg:block block\" key=\"462\"><a href=\"/Cheveux/Shampooings/Shampooing-solide\" class=\"block w-full h-full\" data-behaviour=\"utag-link-event\" data-initialized=\"true\">Shampooing solide</a></li><li class=\"flex py-4 lg:block block\" key=\"463\"><a href=\"/Cheveux/Shampooings/Savon-pour-cheveux\" class=\"block w-full h-full\" data-behaviour=\"utag-link-event\" data-initialized=\"true\">Savon pour cheveux</a></li><li class=\"flex py-4 lg:block block\" key=\"336\"><a href=\"/Cheveux/Shampooings/Shampooing-cheveux-boucles\" class=\"block w-full h-full\" data-behaviour=\"utag-link-event\" data-initialized=\"true\">Shampooing cheveux bouclés</a></li><li class=\"flex py-4 lg:block block\" key=\"423\"><a href=\"/Cheveux/Shampooings/Coffrets-shampooing\" class=\"block w-full h-full\" data-behaviour=\"utag-link-event\" data-initialized=\"true\">Coffrets shampooing</a></li></ul><li class=\"flex py-4 pr-4 justify-between lg:block block\"><span>Produits de coiffage</span>\n                <img src=\"/images/arrow-down.svg\" alt=\"Pfeil nach unten\"></li>\n            <ul class=\"hidden bg-white divide-y divide-mediumgray list-outside *:pl-4\" data-behaviour=\"navigationMenuDropdown-selector\" data-initialized=\"true\"><li class=\"flex py-4\"><a href=\"/Cheveux/Produits-de-coiffage\" class=\"block w-full h-full\" data-behaviour=\"utag-link-event\" data-initialized=\"true\">Tout afficher</a></li><li class=\"flex py-4 lg:block block\" key=\"313\"><a href=\"/Cheveux/Produits-de-coiffage/Mousse-coiffante\" class=\"block w-full h-full\" data-behaviour=\"utag-link-event\" data-initialized=\"true\">Mousse coiffante</a></li><li class=\"flex py-4 lg:block block\" key=\"324\"><a href=\"/Cheveux/Produits-de-coiffage/Spray-thermoprotecteur\" class=\"block w-full h-full\" data-behaviour=\"utag-link-event\" data-initialized=\"true\">Spray thermoprotecteur</a></li><li class=\"flex py-4 lg:block block\" key=\"308\"><a href=\"/Cheveux/Produits-de-coiffage/Cire-cheveux\" class=\"block w-full h-full\" data-behaviour=\"utag-link-event\" data-initialized=\"true\">Cire cheveux</a></li><li class=\"flex py-4 lg:block block\" key=\"1095\"><a href=\"/Cheveux/Produits-de-coiffage/Spray-coiffant\" class=\"block w-full h-full\" data-behaviour=\"utag-link-event\" data-initialized=\"true\">Spray coiffant</a></li><li class=\"flex py-4 lg:block block\" key=\"1097\"><a href=\"/Cheveux/Produits-de-coiffage/Spray-racines\" class=\"block w-full h-full\" data-behaviour=\"utag-link-event\" data-initialized=\"true\">Spray racines</a></li><li class=\"flex py-4 lg:block block\" key=\"427\"><a href=\"/Cheveux/Produits-de-coiffage/Coffrets-produits-de-coiffage\" class=\"block w-full h-full\" data-behaviour=\"utag-link-event\" data-initialized=\"true\">Coffrets produits de coiffage</a></li><li class=\"flex py-4 lg:block block\" key=\"363\"><a href=\"/Cheveux/Produits-de-coiffage/Creme-cheveux-et-creme-coiffante\" class=\"block w-full h-full\" data-behaviour=\"utag-link-event\" data-initialized=\"true\">Crème cheveux et crème coiffante</a></li><li class=\"flex py-4 lg:block block\" key=\"309\"><a href=\"/Cheveux/Produits-de-coiffage/Gel-cheveux\" class=\"block w-full h-full\" data-behaviour=\"utag-link-event\" data-initialized=\"true\">Gel cheveux</a></li><li class=\"flex py-4 lg:block block\" key=\"307\"><a href=\"/Cheveux/Produits-de-coiffage/Laque-cheveux\" class=\"block w-full h-full\" data-behaviour=\"utag-link-event\" data-initialized=\"true\">Laque cheveux</a></li><li class=\"flex py-4 lg:block block\" key=\"1098\"><a href=\"/Cheveux/Produits-de-coiffage/Poudre-coiffante\" class=\"block w-full h-full\" data-behaviour=\"utag-link-event\" data-initialized=\"true\">Poudre coiffante</a></li><li class=\"flex py-4 lg:block block\" key=\"1096\"><a href=\"/Cheveux/Produits-de-coiffage/Spray-eau-salee-cheveux\" class=\"block w-full h-full\" data-behaviour=\"utag-link-event\" data-initialized=\"true\">Spray eau salée cheveux</a></li></ul><li class=\"flex py-4 pr-4 justify-between lg:block block\"><span>Soins cheveux sans rinçage</span>\n                <img src=\"/images/arrow-down.svg\" alt=\"Pfeil nach unten\"></li>\n            <ul class=\"hidden bg-white divide-y divide-mediumgray list-outside *:pl-4\" data-behaviour=\"navigationMenuDropdown-selector\" data-initialized=\"true\"><li class=\"flex py-4\"><a href=\"/Cheveux/Soins-cheveux-sans-rincage\" class=\"block w-full h-full\" data-behaviour=\"utag-link-event\" data-initialized=\"true\">Tout afficher</a></li><li class=\"flex py-4 lg:block block\" key=\"314\"><a href=\"/Cheveux/Soins-cheveux-sans-rincage/Huile-cheveux\" class=\"block w-full h-full\" data-behaviour=\"utag-link-event\" data-initialized=\"true\">Huile cheveux</a></li><li class=\"flex py-4 lg:block block\" key=\"355\"><a href=\"/Cheveux/Soins-cheveux-sans-rincage/Serum-cheveux\" class=\"block w-full h-full\" data-behaviour=\"utag-link-event\" data-initialized=\"true\">Sérum cheveux</a></li><li class=\"flex py-4 lg:block block\" key=\"356\"><a href=\"/Cheveux/Soins-cheveux-sans-rincage/Soin-cheveux-en-spray\" class=\"block w-full h-full\" data-behaviour=\"utag-link-event\" data-initialized=\"true\">Soin cheveux en spray</a></li><li class=\"flex py-4 lg:block block\" key=\"1088\"><a href=\"/Cheveux/Soins-cheveux-sans-rincage/Apres-shampooing-sans-rincage\" class=\"block w-full h-full\" data-behaviour=\"utag-link-event\" data-initialized=\"true\">Après-shampooing sans rinçage</a></li><li class=\"flex py-4 lg:block block\" key=\"428\"><a href=\"/Cheveux/Soins-cheveux-sans-rincage/Coffrets-soins-cheveux\" class=\"block w-full h-full\" data-behaviour=\"utag-link-event\" data-initialized=\"true\">Coffrets soins cheveux</a></li></ul><li class=\"flex py-4 pr-4 justify-between lg:block block\"><span>Soins cuir chevelu</span>\n                <img src=\"/images/arrow-down.svg\" alt=\"Pfeil nach unten\"></li>\n            <ul class=\"hidden bg-white divide-y divide-mediumgray list-outside *:pl-4\" data-behaviour=\"navigationMenuDropdown-selector\" data-initialized=\"true\"><li class=\"flex py-4\"><a href=\"/Cheveux/Soins-cuir-chevelu\" class=\"block w-full h-full\" data-behaviour=\"utag-link-event\" data-initialized=\"true\">Tout afficher</a></li><li class=\"flex py-4 lg:block block\" key=\"1156\"><a href=\"/Cheveux/Soins-cuir-chevelu/Huile-cuir-chevelu\" class=\"block w-full h-full\" data-behaviour=\"utag-link-event\" data-initialized=\"true\">Huile cuir chevelu</a></li><li class=\"flex py-4 lg:block block\" key=\"1157\"><a href=\"/Cheveux/Soins-cuir-chevelu/Gommage-cuir-chevelu\" class=\"block w-full h-full\" data-behaviour=\"utag-link-event\" data-initialized=\"true\">Gommage cuir chevelu</a></li><li class=\"flex py-4 lg:block block\" key=\"1158\"><a href=\"/Cheveux/Soins-cuir-chevelu/Lotion-capillaire\" class=\"block w-full h-full\" data-behaviour=\"utag-link-event\" data-initialized=\"true\">Lotion capillaire</a></li><li class=\"flex py-4 lg:block block\" key=\"1159\"><a href=\"/Cheveux/Soins-cuir-chevelu/Protection-solaire-cheveux\" class=\"block w-full h-full\" data-behaviour=\"utag-link-event\" data-initialized=\"true\">Protection solaire cheveux</a></li></ul><li class=\"flex py-4 pr-4 justify-between lg:block block\"><span>Soins par type de cheveux</span>\n                <img src=\"/images/arrow-down.svg\" alt=\"Pfeil nach unten\"></li>\n            <ul class=\"hidden bg-white divide-y divide-mediumgray list-outside *:pl-4\" data-behaviour=\"navigationMenuDropdown-selector\" data-initialized=\"true\"><li class=\"flex py-4\"><a href=\"/Cheveux/Soins-par-type-de-cheveux\" class=\"block w-full h-full\" data-behaviour=\"utag-link-event\" data-initialized=\"true\">Tout afficher</a></li><li class=\"flex py-4 lg:block block\" key=\"1141\"><a href=\"/Cheveux/Soins-par-type-de-cheveux/Cheveux-gras\" class=\"block w-full h-full\" data-behaviour=\"utag-link-event\" data-initialized=\"true\">Cheveux gras</a></li><li class=\"flex py-4 lg:block block\" key=\"1143\"><a href=\"/Cheveux/Soins-par-type-de-cheveux/Cheveux-fins-et-lisses\" class=\"block w-full h-full\" data-behaviour=\"utag-link-event\" data-initialized=\"true\">Cheveux fins et lisses</a></li><li class=\"flex py-4 lg:block block\" key=\"1144\"><a href=\"/Cheveux/Soins-par-type-de-cheveux/Cheveux-secs\" class=\"block w-full h-full\" data-behaviour=\"utag-link-event\" data-initialized=\"true\">Cheveux secs</a></li><li class=\"flex py-4 lg:block block\" key=\"1145\"><a href=\"/Cheveux/Soins-par-type-de-cheveux/Cheveux-boucles\" class=\"block w-full h-full\" data-behaviour=\"utag-link-event\" data-initialized=\"true\">Cheveux bouclés</a></li><li class=\"flex py-4 lg:block block\" key=\"1147\"><a href=\"/Cheveux/Soins-par-type-de-cheveux/Cheveux-colores\" class=\"block w-full h-full\" data-behaviour=\"utag-link-event\" data-initialized=\"true\">Cheveux colorés</a></li><li class=\"flex py-4 lg:block block\" key=\"1146\"><a href=\"/Cheveux/Soins-par-type-de-cheveux/Anti-frisottis\" class=\"block w-full h-full\" data-behaviour=\"utag-link-event\" data-initialized=\"true\">Anti-frisottis</a></li><li class=\"flex py-4 lg:block block\" key=\"1148\"><a href=\"/Cheveux/Soins-par-type-de-cheveux/Antipelliculaire\" class=\"block w-full h-full\" data-behaviour=\"utag-link-event\" data-initialized=\"true\">Antipelliculaire</a></li><li class=\"flex py-4 lg:block block\" key=\"1142\"><a href=\"/Cheveux/Soins-par-type-de-cheveux/Cheveux-normaux\" class=\"block w-full h-full\" data-behaviour=\"utag-link-event\" data-initialized=\"true\">Cheveux normaux</a></li><li class=\"flex py-4 lg:block block\" key=\"1149\"><a href=\"/Cheveux/Soins-par-type-de-cheveux/Cuir-chevelu-sensible\" class=\"block w-full h-full\" data-behaviour=\"utag-link-event\" data-initialized=\"true\">Cuir chevelu sensible</a></li><li class=\"flex py-4 lg:block block\" key=\"1150\"><a href=\"/Cheveux/Soins-par-type-de-cheveux/Produits-antichute\" class=\"block w-full h-full\" data-behaviour=\"utag-link-event\" data-initialized=\"true\">Produits antichute</a></li></ul><li class=\"flex py-4 pr-4 justify-between lg:block block\"><span>Après-shampooings</span>\n                <img src=\"/images/arrow-down.svg\" alt=\"Pfeil nach unten\"></li>\n            <ul class=\"hidden bg-white divide-y divide-mediumgray list-outside *:pl-4\" data-behaviour=\"navigationMenuDropdown-selector\" data-initialized=\"true\"><li class=\"flex py-4\"><a href=\"/Cheveux/Apres-shampooings\" class=\"block w-full h-full\" data-behaviour=\"utag-link-event\" data-initialized=\"true\">Tout afficher</a></li><li class=\"flex py-4 lg:block block\" key=\"342\"><a href=\"/Cheveux/Apres-shampooings/Apres-shampooing-cheveux-colores\" class=\"block w-full h-full\" data-behaviour=\"utag-link-event\" data-initialized=\"true\">Après-shampooing cheveux colorés</a></li><li class=\"flex py-4 lg:block block\" key=\"343\"><a href=\"/Cheveux/Apres-shampooings/Apres-shampooing-cheveux-secs\" class=\"block w-full h-full\" data-behaviour=\"utag-link-event\" data-initialized=\"true\">Après-shampooing cheveux secs</a></li><li class=\"flex py-4 lg:block block\" key=\"347\"><a href=\"/Cheveux/Apres-shampooings/Apres-shampooing-antipelliculaire\" class=\"block w-full h-full\" data-behaviour=\"utag-link-event\" data-initialized=\"true\">Après-shampooing antipelliculaire</a></li><li class=\"flex py-4 lg:block block\" key=\"348\"><a href=\"/Cheveux/Apres-shampooings/Apres-shampooing-anti-frisottis\" class=\"block w-full h-full\" data-behaviour=\"utag-link-event\" data-initialized=\"true\">Après-shampooing anti-frisottis</a></li><li class=\"flex py-4 lg:block block\" key=\"339\"><a href=\"/Cheveux/Apres-shampooings/Apres-shampooing-reparateur\" class=\"block w-full h-full\" data-behaviour=\"utag-link-event\" data-initialized=\"true\">Après-shampooing réparateur</a></li><li class=\"flex py-4 lg:block block\" key=\"432\"><a href=\"/Cheveux/Apres-shampooings/Apres-shampooing-cheveux-boucles\" class=\"block w-full h-full\" data-behaviour=\"utag-link-event\" data-initialized=\"true\">Après-shampooing cheveux bouclés</a></li><li class=\"flex py-4 lg:block block\" key=\"346\"><a href=\"/Cheveux/Apres-shampooings/Apres-shampooing-cheveux-fins\" class=\"block w-full h-full\" data-behaviour=\"utag-link-event\" data-initialized=\"true\">Après-shampooing cheveux fins</a></li><li class=\"flex py-4 lg:block block\" key=\"1085\"><a href=\"/Cheveux/Apres-shampooings/Apres-shampooing-solide\" class=\"block w-full h-full\" data-behaviour=\"utag-link-event\" data-initialized=\"true\">Après-shampooing solide</a></li></ul><li class=\"flex py-4 pr-4 justify-between lg:block block\"><span>Masques et soins cheveux</span>\n                <img src=\"/images/arrow-down.svg\" alt=\"Pfeil nach unten\"></li>\n            <ul class=\"hidden bg-white divide-y divide-mediumgray list-outside *:pl-4\" data-behaviour=\"navigationMenuDropdown-selector\" data-initialized=\"true\"><li class=\"flex py-4\"><a href=\"/Cheveux/Masques-et-soins-cheveux\" class=\"block w-full h-full\" data-behaviour=\"utag-link-event\" data-initialized=\"true\">Tout afficher</a></li><li class=\"flex py-4 lg:block block\" key=\"1087\"><a href=\"/Cheveux/Masques-et-soins-cheveux/Beurre-capillaire\" class=\"block w-full h-full\" data-behaviour=\"utag-link-event\" data-initialized=\"true\">Beurre capillaire</a></li><li class=\"flex py-4 lg:block block\" key=\"351\"><a href=\"/Cheveux/Masques-et-soins-cheveux/Soin-cheveux-secs\" class=\"block w-full h-full\" data-behaviour=\"utag-link-event\" data-initialized=\"true\">Soin cheveux secs</a></li><li class=\"flex py-4 lg:block block\" key=\"354\"><a href=\"/Cheveux/Masques-et-soins-cheveux/Soin-cheveux-colores\" class=\"block w-full h-full\" data-behaviour=\"utag-link-event\" data-initialized=\"true\">Soin cheveux colorés</a></li><li class=\"flex py-4 lg:block block\" key=\"352\"><a href=\"/Cheveux/Masques-et-soins-cheveux/Soin-hydratant-cheveux\" class=\"block w-full h-full\" data-behaviour=\"utag-link-event\" data-initialized=\"true\">Soin hydratant cheveux</a></li><li class=\"flex py-4 lg:block block\" key=\"1086\"><a href=\"/Cheveux/Masques-et-soins-cheveux/Soin-cheveux-a-la-keratine\" class=\"block w-full h-full\" data-behaviour=\"utag-link-event\" data-initialized=\"true\">Soin cheveux à la kératine</a></li><li class=\"flex py-4 lg:block block\" key=\"361\"><a href=\"/Cheveux/Masques-et-soins-cheveux/Soin-cheveux-boucles\" class=\"block w-full h-full\" data-behaviour=\"utag-link-event\" data-initialized=\"true\">Soin cheveux bouclés</a></li></ul><li class=\"flex py-4 pr-4 justify-between lg:block block\"><span>Brosses à cheveux et peignes</span>\n                <img src=\"/images/arrow-down.svg\" alt=\"Pfeil nach unten\"></li>\n            <ul class=\"hidden bg-white divide-y divide-mediumgray list-outside *:pl-4\" data-behaviour=\"navigationMenuDropdown-selector\" data-initialized=\"true\"><li class=\"flex py-4\"><a href=\"/Cheveux/Brosses-a-cheveux-et-peignes\" class=\"block w-full h-full\" data-behaviour=\"utag-link-event\" data-initialized=\"true\">Tout afficher</a></li><li class=\"flex py-4 lg:block block\" key=\"1108\"><a href=\"/Cheveux/Brosses-a-cheveux-et-peignes/Brosses-rondes\" class=\"block w-full h-full\" data-behaviour=\"utag-link-event\" data-initialized=\"true\">Brosses rondes</a></li><li class=\"flex py-4 lg:block block\" key=\"1109\"><a href=\"/Cheveux/Brosses-a-cheveux-et-peignes/Brosses-demelantes\" class=\"block w-full h-full\" data-behaviour=\"utag-link-event\" data-initialized=\"true\">Brosses démêlantes</a></li><li class=\"flex py-4 lg:block block\" key=\"1110\"><a href=\"/Cheveux/Brosses-a-cheveux-et-peignes/Brosses-plates-et-paddle\" class=\"block w-full h-full\" data-behaviour=\"utag-link-event\" data-initialized=\"true\">Brosses plates et paddle</a></li><li class=\"flex py-4 lg:block block\" key=\"1111\"><a href=\"/Cheveux/Brosses-a-cheveux-et-peignes/Brosses-en-bois\" class=\"block w-full h-full\" data-behaviour=\"utag-link-event\" data-initialized=\"true\">Brosses en bois</a></li><li class=\"flex py-4 lg:block block\" key=\"1115\"><a href=\"/Cheveux/Brosses-a-cheveux-et-peignes/Peignes\" class=\"block w-full h-full\" data-behaviour=\"utag-link-event\" data-initialized=\"true\">Peignes</a></li><li class=\"flex py-4 lg:block block\" key=\"1114\"><a href=\"/Cheveux/Brosses-a-cheveux-et-peignes/Brosses-en-poil-de-sanglier\" class=\"block w-full h-full\" data-behaviour=\"utag-link-event\" data-initialized=\"true\">Brosses en poil de sanglier</a></li><li class=\"flex py-4 lg:block block\" key=\"1113\"><a href=\"/Cheveux/Brosses-a-cheveux-et-peignes/Brosses-massage-cuir-chevelu\" class=\"block w-full h-full\" data-behaviour=\"utag-link-event\" data-initialized=\"true\">Brosses massage cuir chevelu</a></li><li class=\"flex py-4 lg:block block\" key=\"1112\"><a href=\"/Cheveux/Brosses-a-cheveux-et-peignes/Brosses-squelettes\" class=\"block w-full h-full\" data-behaviour=\"utag-link-event\" data-initialized=\"true\">Brosses squelettes</a></li><li class=\"flex py-4 lg:block block\" key=\"1116\"><a href=\"/Cheveux/Brosses-a-cheveux-et-peignes/Peignes-a-queue\" class=\"block w-full h-full\" data-behaviour=\"utag-link-event\" data-initialized=\"true\">Peignes à queue</a></li><li class=\"flex py-4 lg:block block\" key=\"1118\"><a href=\"/Cheveux/Brosses-a-cheveux-et-peignes/Peignes-de-coiffure\" class=\"block w-full h-full\" data-behaviour=\"utag-link-event\" data-initialized=\"true\">Peignes de coiffure</a></li><li class=\"flex py-4 lg:block block\" key=\"1117\"><a href=\"/Cheveux/Brosses-a-cheveux-et-peignes/Peignes-pour-cheveux-boucles\" class=\"block w-full h-full\" data-behaviour=\"utag-link-event\" data-initialized=\"true\">Peignes pour cheveux bouclés</a></li></ul><li class=\"flex py-4 pr-4 justify-between lg:block block\"><span>Accessoires cheveux</span>\n                <img src=\"/images/arrow-down.svg\" alt=\"Pfeil nach unten\"></li>\n            <ul class=\"hidden bg-white divide-y divide-mediumgray list-outside *:pl-4\" data-behaviour=\"navigationMenuDropdown-selector\" data-initialized=\"true\"><li class=\"flex py-4\"><a href=\"/Cheveux/Accessoires-cheveux\" class=\"block w-full h-full\" data-behaviour=\"utag-link-event\" data-initialized=\"true\">Tout afficher</a></li><li class=\"flex py-4 lg:block block\" key=\"1132\"><a href=\"/Cheveux/Accessoires-cheveux/Elastiques-cheveux\" class=\"block w-full h-full\" data-behaviour=\"utag-link-event\" data-initialized=\"true\">Élastiques cheveux</a></li><li class=\"flex py-4 lg:block block\" key=\"1133\"><a href=\"/Cheveux/Accessoires-cheveux/Bigoudis\" class=\"block w-full h-full\" data-behaviour=\"utag-link-event\" data-initialized=\"true\">Bigoudis</a></li><li class=\"flex py-4 lg:block block\" key=\"1135\"><a href=\"/Cheveux/Accessoires-cheveux/Chouchous\" class=\"block w-full h-full\" data-behaviour=\"utag-link-event\" data-initialized=\"true\">Chouchous</a></li><li class=\"flex py-4 lg:block block\" key=\"1136\"><a href=\"/Cheveux/Accessoires-cheveux/Barrettes-et-pinces-a-cheveux\" class=\"block w-full h-full\" data-behaviour=\"utag-link-event\" data-initialized=\"true\">Barrettes et pinces à cheveux</a></li><li class=\"flex py-4 lg:block block\" key=\"1138\"><a href=\"/Cheveux/Accessoires-cheveux/Vaporisateurs\" class=\"block w-full h-full\" data-behaviour=\"utag-link-event\" data-initialized=\"true\">Vaporisateurs</a></li><li class=\"flex py-4 lg:block block\" key=\"1139\"><a href=\"/Cheveux/Accessoires-cheveux/Accessoires\" class=\"block w-full h-full\" data-behaviour=\"utag-link-event\" data-initialized=\"true\">Accessoires</a></li><li class=\"flex py-4 lg:block block\" key=\"1137\"><a href=\"/Cheveux/Accessoires-cheveux/Epingles-a-cheveux\" class=\"block w-full h-full\" data-behaviour=\"utag-link-event\" data-initialized=\"true\">Épingles à cheveux</a></li><li class=\"flex py-4 lg:block block\" key=\"1134\"><a href=\"/Cheveux/Accessoires-cheveux/Rubans-pour-boucles\" class=\"block w-full h-full\" data-behaviour=\"utag-link-event\" data-initialized=\"true\">Rubans pour boucles</a></li></ul><li class=\"flex py-4 pr-4 justify-between lg:block block\"><span>Matériel coiffure</span>\n                <img src=\"/images/arrow-down.svg\" alt=\"Pfeil nach unten\"></li>\n            <ul class=\"hidden bg-white divide-y divide-mediumgray list-outside *:pl-4\" data-behaviour=\"navigationMenuDropdown-selector\" data-initialized=\"true\"><li class=\"flex py-4\"><a href=\"/Cheveux/Materiel-coiffure\" class=\"block w-full h-full\" data-behaviour=\"utag-link-event\" data-initialized=\"true\">Tout afficher</a></li><li class=\"flex py-4 lg:block block\" key=\"311\"><a href=\"/Cheveux/Materiel-coiffure/Lisseurs\" class=\"block w-full h-full\" data-behaviour=\"utag-link-event\" data-initialized=\"true\">Lisseurs</a></li><li class=\"flex py-4 lg:block block\" key=\"362\"><a href=\"/Cheveux/Materiel-coiffure/Boucleurs\" class=\"block w-full h-full\" data-behaviour=\"utag-link-event\" data-initialized=\"true\">Boucleurs</a></li><li class=\"flex py-4 lg:block block\" key=\"1100\"><a href=\"/Cheveux/Materiel-coiffure/Bigoudis-chauffants\" class=\"block w-full h-full\" data-behaviour=\"utag-link-event\" data-initialized=\"true\">Bigoudis chauffants</a></li><li class=\"flex py-4 lg:block block\" key=\"1101\"><a href=\"/Cheveux/Materiel-coiffure/Seche-cheveux\" class=\"block w-full h-full\" data-behaviour=\"utag-link-event\" data-initialized=\"true\">Sèche-cheveux</a></li><li class=\"flex py-4 lg:block block\" key=\"359\"><a href=\"/Cheveux/Materiel-coiffure/Tondeuses-cheveux\" class=\"block w-full h-full\" data-behaviour=\"utag-link-event\" data-initialized=\"true\">Tondeuses cheveux</a></li><li class=\"flex py-4 lg:block block\" key=\"1102\"><a href=\"/Cheveux/Materiel-coiffure/Brosses-soufflantes\" class=\"block w-full h-full\" data-behaviour=\"utag-link-event\" data-initialized=\"true\">Brosses soufflantes</a></li><li class=\"flex py-4 lg:block block\" key=\"1106\"><a href=\"/Cheveux/Materiel-coiffure/Capes-de-coiffure\" class=\"block w-full h-full\" data-behaviour=\"utag-link-event\" data-initialized=\"true\">Capes de coiffure</a></li><li class=\"flex py-4 lg:block block\" key=\"1103\"><a href=\"/Cheveux/Materiel-coiffure/Ciseaux-de-coiffure\" class=\"block w-full h-full\" data-behaviour=\"utag-link-event\" data-initialized=\"true\">Ciseaux de coiffure</a></li><li class=\"flex py-4 lg:block block\" key=\"1104\"><a href=\"/Cheveux/Materiel-coiffure/Ciseaux-effileurs\" class=\"block w-full h-full\" data-behaviour=\"utag-link-event\" data-initialized=\"true\">Ciseaux effileurs</a></li><li class=\"flex py-4 lg:block block\" key=\"1105\"><a href=\"/Cheveux/Materiel-coiffure/Seche-cheveux-diffuseurs\" class=\"block w-full h-full\" data-behaviour=\"utag-link-event\" data-initialized=\"true\">Sèche-cheveux diffuseurs</a></li></ul></ul><li class=\"flex py-4 pr-4 justify-between lg:block block\"><span>Maquillage</span>\n                <img src=\"/images/arrow-down.svg\" alt=\"Pfeil nach unten\"></li>\n            <ul class=\"hidden bg-white divide-y divide-mediumgray list-outside *:pl-4\" data-behaviour=\"navigationMenuDropdown-selector\" data-initialized=\"true\"><li class=\"flex py-4\"><a href=\"/Maquillage\" class=\"block w-full h-full\" data-behaviour=\"utag-link-event\" data-props=\"{&quot;content_id&quot;:&quot;Homepage&quot;,&quot;interaction_element&quot;:&quot;Maquillage&quot;,&quot;interaction_object&quot;:&quot;homepage.navigation.Maquillage&quot;,&quot;interaction_position&quot;:&quot;P0-6&quot;,&quot;interaction_type&quot;:&quot;click&quot;,&quot;interaction_component_name&quot;:null,&quot;interaction_type_parent&quot;:&quot;Navigation&quot;,&quot;interaction_type_detail&quot;:&quot;Main Navigation&quot;,&quot;interaction_page_position&quot;:&quot;P0&quot;,&quot;interaction_click&quot;:&quot;click&quot;}\" data-initialized=\"true\">Tout afficher</a></li><li class=\"flex py-4 pr-4 justify-between lg:block block\"><span>Teint</span>\n                <img src=\"/images/arrow-down.svg\" alt=\"Pfeil nach unten\"></li>\n            <ul class=\"hidden bg-white divide-y divide-mediumgray list-outside *:pl-4\" data-behaviour=\"navigationMenuDropdown-selector\" data-initialized=\"true\"><li class=\"flex py-4\"><a href=\"/Maquillage/Teint\" class=\"block w-full h-full\" data-behaviour=\"utag-link-event\" data-initialized=\"true\">Tout afficher</a></li><li class=\"flex py-4 lg:block block\" key=\"114\"><a href=\"/Maquillage/Teint/Fond-de-teint\" class=\"block w-full h-full\" data-behaviour=\"utag-link-event\" data-initialized=\"true\">Fond de teint</a></li><li class=\"flex py-4 lg:block block\" key=\"259\"><a href=\"/Maquillage/Teint/Anti-cernes\" class=\"block w-full h-full\" data-behaviour=\"utag-link-event\" data-initialized=\"true\">Anti-cernes</a></li><li class=\"flex py-4 lg:block block\" key=\"115\"><a href=\"/Maquillage/Teint/Poudres\" class=\"block w-full h-full\" data-behaviour=\"utag-link-event\" data-initialized=\"true\">Poudres</a></li><li class=\"flex py-4 lg:block block\" key=\"116\"><a href=\"/Maquillage/Teint/Blush\" class=\"block w-full h-full\" data-behaviour=\"utag-link-event\" data-initialized=\"true\">Blush</a></li><li class=\"flex py-4 lg:block block\" key=\"1072\"><a href=\"/Maquillage/Teint/Highlighters\" class=\"block w-full h-full\" data-behaviour=\"utag-link-event\" data-initialized=\"true\">Highlighters</a></li><li class=\"flex py-4 lg:block block\" key=\"983\"><a href=\"/Maquillage/Teint/BB-CC-Cream\" class=\"block w-full h-full\" data-behaviour=\"utag-link-event\" data-initialized=\"true\">BB- &amp; CC-Cream</a></li><li class=\"flex py-4 lg:block block\" key=\"979\"><a href=\"/Maquillage/Teint/Contouring\" class=\"block w-full h-full\" data-behaviour=\"utag-link-event\" data-initialized=\"true\">Contouring</a></li><li class=\"flex py-4 lg:block block\" key=\"981\"><a href=\"/Maquillage/Teint/Correcteurs-de-teint\" class=\"block w-full h-full\" data-behaviour=\"utag-link-event\" data-initialized=\"true\">Correcteurs de teint</a></li><li class=\"flex py-4 lg:block block\" key=\"1053\"><a href=\"/Maquillage/Teint/Demaquillants\" class=\"block w-full h-full\" data-behaviour=\"utag-link-event\" data-initialized=\"true\">Démaquillants</a></li><li class=\"flex py-4 lg:block block\" key=\"980\"><a href=\"/Maquillage/Teint/Maquillage-camouflant\" class=\"block w-full h-full\" data-behaviour=\"utag-link-event\" data-initialized=\"true\">Maquillage camouflant</a></li><li class=\"flex py-4 lg:block block\" key=\"984\"><a href=\"/Maquillage/Teint/Palettes-contouring\" class=\"block w-full h-full\" data-behaviour=\"utag-link-event\" data-initialized=\"true\">Palettes contouring</a></li><li class=\"flex py-4 lg:block block\" key=\"985\"><a href=\"/Maquillage/Teint/Poudres-minerales\" class=\"block w-full h-full\" data-behaviour=\"utag-link-event\" data-initialized=\"true\">Poudres minérales</a></li><li class=\"flex py-4 lg:block block\" key=\"1071\"><a href=\"/Maquillage/Teint/Primer\" class=\"block w-full h-full\" data-behaviour=\"utag-link-event\" data-initialized=\"true\">Primer</a></li><li class=\"flex py-4 lg:block block\" key=\"982\"><a href=\"/Maquillage/Teint/Spray-fixateur-et-poudre-fixatrice\" class=\"block w-full h-full\" data-behaviour=\"utag-link-event\" data-initialized=\"true\">Spray fixateur et poudre fixatrice</a></li><li class=\"flex py-4 lg:block block\" key=\"113\"><a href=\"/Maquillage/Teint/Correcteurs\" class=\"block w-full h-full\" data-behaviour=\"utag-link-event\" data-initialized=\"true\">Correcteurs</a></li><li class=\"flex py-4 lg:block block\" key=\"266\"><a href=\"/Maquillage/Teint/Accessoires\" class=\"block w-full h-full\" data-behaviour=\"utag-link-event\" data-initialized=\"true\">Accessoires</a></li><li class=\"flex py-4 lg:block block\" key=\"265\"><a href=\"/Maquillage/Teint/Maquillage-anti-age\" class=\"block w-full h-full\" data-behaviour=\"utag-link-event\" data-initialized=\"true\">Maquillage anti-âge</a></li><li class=\"flex py-4 lg:block block\" key=\"261\"><a href=\"/Maquillage/Teint/Bronzers\" class=\"block w-full h-full\" data-behaviour=\"utag-link-event\" data-initialized=\"true\">Bronzers</a></li><li class=\"flex py-4 lg:block block\" key=\"262\"><a href=\"/Maquillage/Teint/Fond-de-teint-compact\" class=\"block w-full h-full\" data-behaviour=\"utag-link-event\" data-initialized=\"true\">Fond de teint compact</a></li><li class=\"flex py-4 lg:block block\" key=\"264\"><a href=\"/Maquillage/Teint/Fond-de-teint-creme\" class=\"block w-full h-full\" data-behaviour=\"utag-link-event\" data-initialized=\"true\">Fond de teint crème</a></li><li class=\"flex py-4 lg:block block\" key=\"117\"><a href=\"/Maquillage/Teint/Enlumineurs\" class=\"block w-full h-full\" data-behaviour=\"utag-link-event\" data-initialized=\"true\">Enlumineurs</a></li><li class=\"flex py-4 lg:block block\" key=\"260\"><a href=\"/Maquillage/Teint/Fond-de-teint-fluide\" class=\"block w-full h-full\" data-behaviour=\"utag-link-event\" data-initialized=\"true\">Fond de teint fluide</a></li><li class=\"flex py-4 lg:block block\" key=\"268\"><a href=\"/Maquillage/Teint/Poudres-compactes\" class=\"block w-full h-full\" data-behaviour=\"utag-link-event\" data-initialized=\"true\">Poudres compactes</a></li><li class=\"flex py-4 lg:block block\" key=\"263\"><a href=\"/Maquillage/Teint/Poudres-libres\" class=\"block w-full h-full\" data-behaviour=\"utag-link-event\" data-initialized=\"true\">Poudres libres</a></li><li class=\"flex py-4 lg:block block\" key=\"182\"><a href=\"/Maquillage/Teint/Coffrets-maquillage\" class=\"block w-full h-full\" data-behaviour=\"utag-link-event\" data-initialized=\"true\">Coffrets maquillage</a></li></ul><li class=\"flex py-4 pr-4 justify-between lg:block block\"><span>Yeux</span>\n                <img src=\"/images/arrow-down.svg\" alt=\"Pfeil nach unten\"></li>\n            <ul class=\"hidden bg-white divide-y divide-mediumgray list-outside *:pl-4\" data-behaviour=\"navigationMenuDropdown-selector\" data-initialized=\"true\"><li class=\"flex py-4\"><a href=\"/Maquillage/Yeux\" class=\"block w-full h-full\" data-behaviour=\"utag-link-event\" data-initialized=\"true\">Tout afficher</a></li><li class=\"flex py-4 lg:block block\" key=\"124\"><a href=\"/Maquillage/Yeux/Fards-a-paupieres\" class=\"block w-full h-full\" data-behaviour=\"utag-link-event\" data-initialized=\"true\">Fards à paupières</a></li><li class=\"flex py-4 lg:block block\" key=\"123\"><a href=\"/Maquillage/Yeux/Mascara\" class=\"block w-full h-full\" data-behaviour=\"utag-link-event\" data-initialized=\"true\">Mascara</a></li><li class=\"flex py-4 lg:block block\" key=\"126\"><a href=\"/Maquillage/Yeux/Eyeliner\" class=\"block w-full h-full\" data-behaviour=\"utag-link-event\" data-initialized=\"true\">Eyeliner</a></li><li class=\"flex py-4 lg:block block\" key=\"986\"><a href=\"/Maquillage/Yeux/Fards-a-paupieres-creme\" class=\"block w-full h-full\" data-behaviour=\"utag-link-event\" data-initialized=\"true\">Fards à paupières crème</a></li><li class=\"flex py-4 lg:block block\" key=\"988\"><a href=\"/Maquillage/Yeux/Base-pour-fards-a-paupieres\" class=\"block w-full h-full\" data-behaviour=\"utag-link-event\" data-initialized=\"true\">Base pour fards à paupières</a></li><li class=\"flex py-4 lg:block block\" key=\"993\"><a href=\"/Maquillage/Yeux/Colle-faux-cils\" class=\"block w-full h-full\" data-behaviour=\"utag-link-event\" data-initialized=\"true\">Colle faux cils</a></li><li class=\"flex py-4 lg:block block\" key=\"990\"><a href=\"/Maquillage/Yeux/Demaquillant-yeux\" class=\"block w-full h-full\" data-behaviour=\"utag-link-event\" data-initialized=\"true\">Démaquillant yeux</a></li><li class=\"flex py-4 lg:block block\" key=\"987\"><a href=\"/Maquillage/Yeux/Fard-a-paupieres-a-paillettes\" class=\"block w-full h-full\" data-behaviour=\"utag-link-event\" data-initialized=\"true\">Fard à paupières à paillettes</a></li><li class=\"flex py-4 lg:block block\" key=\"989\"><a href=\"/Maquillage/Yeux/Faux-cils\" class=\"block w-full h-full\" data-behaviour=\"utag-link-event\" data-initialized=\"true\">Faux cils</a></li><li class=\"flex py-4 lg:block block\" key=\"1060\"><a href=\"/Maquillage/Yeux/Palette-fards-a-paupieres\" class=\"block w-full h-full\" data-behaviour=\"utag-link-event\" data-initialized=\"true\">Palette fards à paupières</a></li><li class=\"flex py-4 lg:block block\" key=\"994\"><a href=\"/Maquillage/Yeux/Primer-cils\" class=\"block w-full h-full\" data-behaviour=\"utag-link-event\" data-initialized=\"true\">Primer cils</a></li><li class=\"flex py-4 lg:block block\" key=\"991\"><a href=\"/Maquillage/Yeux/Recourbe-cils\" class=\"block w-full h-full\" data-behaviour=\"utag-link-event\" data-initialized=\"true\">Recourbe-cils</a></li><li class=\"flex py-4 lg:block block\" key=\"220\"><a href=\"/Maquillage/Yeux/Coffrets\" class=\"block w-full h-full\" data-behaviour=\"utag-link-event\" data-initialized=\"true\">Coffrets</a></li><li class=\"flex py-4 lg:block block\" key=\"127\"><a href=\"/Maquillage/Yeux/Crayon-khol\" class=\"block w-full h-full\" data-behaviour=\"utag-link-event\" data-initialized=\"true\">Crayon khôl</a></li><li class=\"flex py-4 lg:block block\" key=\"125\"><a href=\"/Maquillage/Yeux/Sourcils\" class=\"block w-full h-full\" data-behaviour=\"utag-link-event\" data-initialized=\"true\">Sourcils</a></li></ul><li class=\"flex py-4 pr-4 justify-between lg:block block\"><span>Sourcils</span>\n                <img src=\"/images/arrow-down.svg\" alt=\"Pfeil nach unten\"></li>\n            <ul class=\"hidden bg-white divide-y divide-mediumgray list-outside *:pl-4\" data-behaviour=\"navigationMenuDropdown-selector\" data-initialized=\"true\"><li class=\"flex py-4\"><a href=\"/Maquillage/Sourcils\" class=\"block w-full h-full\" data-behaviour=\"utag-link-event\" data-initialized=\"true\">Tout afficher</a></li><li class=\"flex py-4 lg:block block\" key=\"1015\"><a href=\"/Maquillage/Sourcils/Teinture-sourcils\" class=\"block w-full h-full\" data-behaviour=\"utag-link-event\" data-initialized=\"true\">Teinture sourcils</a></li><li class=\"flex py-4 lg:block block\" key=\"1012\"><a href=\"/Maquillage/Sourcils/Gel-sourcils\" class=\"block w-full h-full\" data-behaviour=\"utag-link-event\" data-initialized=\"true\">Gel sourcils</a></li><li class=\"flex py-4 lg:block block\" key=\"1016\"><a href=\"/Maquillage/Sourcils/Pommade-sourcils\" class=\"block w-full h-full\" data-behaviour=\"utag-link-event\" data-initialized=\"true\">Pommade sourcils</a></li><li class=\"flex py-4 lg:block block\" key=\"1014\"><a href=\"/Maquillage/Sourcils/Poudre-sourcils\" class=\"block w-full h-full\" data-behaviour=\"utag-link-event\" data-initialized=\"true\">Poudre sourcils</a></li><li class=\"flex py-4 lg:block block\" key=\"1013\"><a href=\"/Maquillage/Sourcils/Crayon-sourcils\" class=\"block w-full h-full\" data-behaviour=\"utag-link-event\" data-initialized=\"true\">Crayon sourcils</a></li><li class=\"flex py-4 lg:block block\" key=\"1018\"><a href=\"/Maquillage/Sourcils/Ciseaux-sourcils\" class=\"block w-full h-full\" data-behaviour=\"utag-link-event\" data-initialized=\"true\">Ciseaux sourcils</a></li><li class=\"flex py-4 lg:block block\" key=\"1017\"><a href=\"/Maquillage/Sourcils/Pinces-a-epiler\" class=\"block w-full h-full\" data-behaviour=\"utag-link-event\" data-initialized=\"true\">Pinces à épiler</a></li></ul><li class=\"flex py-4 pr-4 justify-between lg:block block\"><span>Lèvres</span>\n                <img src=\"/images/arrow-down.svg\" alt=\"Pfeil nach unten\"></li>\n            <ul class=\"hidden bg-white divide-y divide-mediumgray list-outside *:pl-4\" data-behaviour=\"navigationMenuDropdown-selector\" data-initialized=\"true\"><li class=\"flex py-4\"><a href=\"/Maquillage/Levres\" class=\"block w-full h-full\" data-behaviour=\"utag-link-event\" data-initialized=\"true\">Tout afficher</a></li><li class=\"flex py-4 lg:block block\" key=\"217\"><a href=\"/Maquillage/Levres/Rouges-a-levres\" class=\"block w-full h-full\" data-behaviour=\"utag-link-event\" data-initialized=\"true\">Rouges à lèvres</a></li><li class=\"flex py-4 lg:block block\" key=\"120\"><a href=\"/Maquillage/Levres/Gloss\" class=\"block w-full h-full\" data-behaviour=\"utag-link-event\" data-initialized=\"true\">Gloss</a></li><li class=\"flex py-4 lg:block block\" key=\"121\"><a href=\"/Maquillage/Levres/Crayons-a-levres\" class=\"block w-full h-full\" data-behaviour=\"utag-link-event\" data-initialized=\"true\">Crayons à lèvres</a></li><li class=\"flex py-4 lg:block block\" key=\"996\"><a href=\"/Maquillage/Levres/Repulpeur-levres\" class=\"block w-full h-full\" data-behaviour=\"utag-link-event\" data-initialized=\"true\">Repulpeur lèvres</a></li><li class=\"flex py-4 lg:block block\" key=\"998\"><a href=\"/Maquillage/Levres/Rouge-a-levres-liquide\" class=\"block w-full h-full\" data-behaviour=\"utag-link-event\" data-initialized=\"true\">Rouge à lèvres liquide</a></li><li class=\"flex py-4 lg:block block\" key=\"999\"><a href=\"/Maquillage/Levres/Accessoires-levres\" class=\"block w-full h-full\" data-behaviour=\"utag-link-event\" data-initialized=\"true\">Accessoires lèvres</a></li><li class=\"flex py-4 lg:block block\" key=\"997\"><a href=\"/Maquillage/Levres/Base-levres\" class=\"block w-full h-full\" data-behaviour=\"utag-link-event\" data-initialized=\"true\">Base lèvres</a></li><li class=\"flex py-4 lg:block block\" key=\"995\"><a href=\"/Maquillage/Levres/Baume-a-levres\" class=\"block w-full h-full\" data-behaviour=\"utag-link-event\" data-initialized=\"true\">Baume à lèvres</a></li><li class=\"flex py-4 lg:block block\" key=\"1000\"><a href=\"/Maquillage/Levres/Rouge-a-levres-mat\" class=\"block w-full h-full\" data-behaviour=\"utag-link-event\" data-initialized=\"true\">Rouge à lèvres mat</a></li><li class=\"flex py-4 lg:block block\" key=\"210\"><a href=\"/Maquillage/Levres/Coffret-de-rouges-a-levres\" class=\"block w-full h-full\" data-behaviour=\"utag-link-event\" data-initialized=\"true\">Coffret de rouges à lèvres</a></li></ul><li class=\"flex py-4 pr-4 justify-between lg:block block\"><span>Ongles</span>\n                <img src=\"/images/arrow-down.svg\" alt=\"Pfeil nach unten\"></li>\n            <ul class=\"hidden bg-white divide-y divide-mediumgray list-outside *:pl-4\" data-behaviour=\"navigationMenuDropdown-selector\" data-initialized=\"true\"><li class=\"flex py-4\"><a href=\"/Maquillage/Ongles\" class=\"block w-full h-full\" data-behaviour=\"utag-link-event\" data-initialized=\"true\">Tout afficher</a></li><li class=\"flex py-4 lg:block block\" key=\"129\"><a href=\"/Maquillage/Ongles/Vernis-a-ongle\" class=\"block w-full h-full\" data-behaviour=\"utag-link-event\" data-initialized=\"true\">Vernis à ongle</a></li><li class=\"flex py-4 lg:block block\" key=\"1003\"><a href=\"/Maquillage/Ongles/Base-coat\" class=\"block w-full h-full\" data-behaviour=\"utag-link-event\" data-initialized=\"true\">Base coat</a></li><li class=\"flex py-4 lg:block block\" key=\"1004\"><a href=\"/Maquillage/Ongles/Top-coat\" class=\"block w-full h-full\" data-behaviour=\"utag-link-event\" data-initialized=\"true\">Top coat</a></li><li class=\"flex py-4 lg:block block\" key=\"1006\"><a href=\"/Maquillage/Ongles/Durcisseur-ongle\" class=\"block w-full h-full\" data-behaviour=\"utag-link-event\" data-initialized=\"true\">Durcisseur ongle</a></li><li class=\"flex py-4 lg:block block\" key=\"131\"><a href=\"/Maquillage/Ongles/Limes-a-ongle\" class=\"block w-full h-full\" data-behaviour=\"utag-link-event\" data-initialized=\"true\">Limes à ongle</a></li><li class=\"flex py-4 lg:block block\" key=\"1002\"><a href=\"/Maquillage/Ongles/Dissolvants\" class=\"block w-full h-full\" data-behaviour=\"utag-link-event\" data-initialized=\"true\">Dissolvants</a></li><li class=\"flex py-4 lg:block block\" key=\"1001\"><a href=\"/Maquillage/Ongles/Faux-ongles-et-design-dongles\" class=\"block w-full h-full\" data-behaviour=\"utag-link-event\" data-initialized=\"true\">Faux ongles et design d'ongles</a></li><li class=\"flex py-4 lg:block block\" key=\"1007\"><a href=\"/Maquillage/Ongles/Lampes-UV\" class=\"block w-full h-full\" data-behaviour=\"utag-link-event\" data-initialized=\"true\">Lampes UV</a></li><li class=\"flex py-4 lg:block block\" key=\"1010\"><a href=\"/Maquillage/Ongles/Repousse-cuticule\" class=\"block w-full h-full\" data-behaviour=\"utag-link-event\" data-initialized=\"true\">Repousse-cuticule</a></li><li class=\"flex py-4 lg:block block\" key=\"1005\"><a href=\"/Maquillage/Ongles/Vernis-semi-permanents\" class=\"block w-full h-full\" data-behaviour=\"utag-link-event\" data-initialized=\"true\">Vernis semi-permanents</a></li><li class=\"flex py-4 lg:block block\" key=\"181\"><a href=\"/Maquillage/Ongles/Kits-manucure\" class=\"block w-full h-full\" data-behaviour=\"utag-link-event\" data-initialized=\"true\">Kits manucure</a></li><li class=\"flex py-4 lg:block block\" key=\"130\"><a href=\"/Maquillage/Ongles/Soins-ongles\" class=\"block w-full h-full\" data-behaviour=\"utag-link-event\" data-initialized=\"true\">Soins ongles</a></li></ul><li class=\"flex py-4 pr-4 justify-between lg:block block\"><span>Pinceaux maquillage</span>\n                <img src=\"/images/arrow-down.svg\" alt=\"Pfeil nach unten\"></li>\n            <ul class=\"hidden bg-white divide-y divide-mediumgray list-outside *:pl-4\" data-behaviour=\"navigationMenuDropdown-selector\" data-initialized=\"true\"><li class=\"flex py-4\"><a href=\"/Maquillage/Pinceaux-maquillage\" class=\"block w-full h-full\" data-behaviour=\"utag-link-event\" data-initialized=\"true\">Tout afficher</a></li><li class=\"flex py-4 lg:block block\" key=\"1030\"><a href=\"/Maquillage/Pinceaux-maquillage/Pinceau-fond-de-teint\" class=\"block w-full h-full\" data-behaviour=\"utag-link-event\" data-initialized=\"true\">Pinceau fond de teint</a></li><li class=\"flex py-4 lg:block block\" key=\"1028\"><a href=\"/Maquillage/Pinceaux-maquillage/Pinceau-fard-a-paupieres\" class=\"block w-full h-full\" data-behaviour=\"utag-link-event\" data-initialized=\"true\">Pinceau fard à paupières</a></li><li class=\"flex py-4 lg:block block\" key=\"1037\"><a href=\"/Maquillage/Pinceaux-maquillage/Pinceau-levres\" class=\"block w-full h-full\" data-behaviour=\"utag-link-event\" data-initialized=\"true\">Pinceau lèvres</a></li><li class=\"flex py-4 lg:block block\" key=\"1033\"><a href=\"/Maquillage/Pinceaux-maquillage/Nettoyant-pinceaux-maquillage\" class=\"block w-full h-full\" data-behaviour=\"utag-link-event\" data-initialized=\"true\">Nettoyant pinceaux maquillage</a></li><li class=\"flex py-4 lg:block block\" key=\"1031\"><a href=\"/Maquillage/Pinceaux-maquillage/Pinceau-blush\" class=\"block w-full h-full\" data-behaviour=\"utag-link-event\" data-initialized=\"true\">Pinceau blush</a></li><li class=\"flex py-4 lg:block block\" key=\"1040\"><a href=\"/Maquillage/Pinceaux-maquillage/Applicateur-fard-a-paupieres\" class=\"block w-full h-full\" data-behaviour=\"utag-link-event\" data-initialized=\"true\">Applicateur fard à paupières</a></li><li class=\"flex py-4 lg:block block\" key=\"1039\"><a href=\"/Maquillage/Pinceaux-maquillage/Houppettes-de-maquillage\" class=\"block w-full h-full\" data-behaviour=\"utag-link-event\" data-initialized=\"true\">Houppettes de maquillage</a></li><li class=\"flex py-4 lg:block block\" key=\"1042\"><a href=\"/Maquillage/Pinceaux-maquillage/Kits-pinceaux-maquillage\" class=\"block w-full h-full\" data-behaviour=\"utag-link-event\" data-initialized=\"true\">Kits pinceaux maquillage</a></li><li class=\"flex py-4 lg:block block\" key=\"1034\"><a href=\"/Maquillage/Pinceaux-maquillage/Pinceau-anti-cernes\" class=\"block w-full h-full\" data-behaviour=\"utag-link-event\" data-initialized=\"true\">Pinceau anti-cernes</a></li><li class=\"flex py-4 lg:block block\" key=\"1032\"><a href=\"/Maquillage/Pinceaux-maquillage/Pinceau-eyeliner\" class=\"block w-full h-full\" data-behaviour=\"utag-link-event\" data-initialized=\"true\">Pinceau eyeliner</a></li><li class=\"flex py-4 lg:block block\" key=\"1035\"><a href=\"/Maquillage/Pinceaux-maquillage/Pinceau-highlighter\" class=\"block w-full h-full\" data-behaviour=\"utag-link-event\" data-initialized=\"true\">Pinceau highlighter</a></li><li class=\"flex py-4 lg:block block\" key=\"1029\"><a href=\"/Maquillage/Pinceaux-maquillage/Pinceau-poudre\" class=\"block w-full h-full\" data-behaviour=\"utag-link-event\" data-initialized=\"true\">Pinceau poudre</a></li><li class=\"flex py-4 lg:block block\" key=\"1038\"><a href=\"/Maquillage/Pinceaux-maquillage/Pinceau-pour-masque\" class=\"block w-full h-full\" data-behaviour=\"utag-link-event\" data-initialized=\"true\">Pinceau pour masque</a></li><li class=\"flex py-4 lg:block block\" key=\"1036\"><a href=\"/Maquillage/Pinceaux-maquillage/Pinceau-sourcils\" class=\"block w-full h-full\" data-behaviour=\"utag-link-event\" data-initialized=\"true\">Pinceau sourcils</a></li><li class=\"flex py-4 lg:block block\" key=\"1041\"><a href=\"/Maquillage/Pinceaux-maquillage/Trousse-pour-pinceaux-maquillage\" class=\"block w-full h-full\" data-behaviour=\"utag-link-event\" data-initialized=\"true\">Trousse pour pinceaux maquillage</a></li></ul><li class=\"flex py-4 pr-4 justify-between lg:block block\"><span>Accessoires sourcils</span>\n                <img src=\"/images/arrow-down.svg\" alt=\"Pfeil nach unten\"></li>\n            <ul class=\"hidden bg-white divide-y divide-mediumgray list-outside *:pl-4\" data-behaviour=\"navigationMenuDropdown-selector\" data-initialized=\"true\"><li class=\"flex py-4\"><a href=\"/Maquillage/Accessoires-sourcils\" class=\"block w-full h-full\" data-behaviour=\"utag-link-event\" data-initialized=\"true\">Tout afficher</a></li><li class=\"flex py-4 lg:block block\" key=\"1020\"><a href=\"/Maquillage/Accessoires-sourcils/Taille-crayon-maquillage\" class=\"block w-full h-full\" data-behaviour=\"utag-link-event\" data-initialized=\"true\">Taille-crayon maquillage</a></li><li class=\"flex py-4 lg:block block\" key=\"1024\"><a href=\"/Maquillage/Accessoires-sourcils/Miroirs-cosmetiques-et-miroirs-de-maquillage\" class=\"block w-full h-full\" data-behaviour=\"utag-link-event\" data-initialized=\"true\">Miroirs cosmétiques et miroirs de maquillage</a></li><li class=\"flex py-4 lg:block block\" key=\"1022\"><a href=\"/Maquillage/Accessoires-sourcils/Palette-de-maquillage-vide\" class=\"block w-full h-full\" data-behaviour=\"utag-link-event\" data-initialized=\"true\">Palette de maquillage vide</a></li><li class=\"flex py-4 lg:block block\" key=\"1021\"><a href=\"/Maquillage/Accessoires-sourcils/Eponges-de-maquillage\" class=\"block w-full h-full\" data-behaviour=\"utag-link-event\" data-initialized=\"true\">Éponges de maquillage</a></li><li class=\"flex py-4 lg:block block\" key=\"1026\"><a href=\"/Maquillage/Accessoires-sourcils/Eponges-konjac\" class=\"block w-full h-full\" data-behaviour=\"utag-link-event\" data-initialized=\"true\">Éponges konjac</a></li><li class=\"flex py-4 lg:block block\" key=\"293\"><a href=\"/Maquillage/Accessoires-sourcils/Ongles\" class=\"block w-full h-full\" data-behaviour=\"utag-link-event\" data-initialized=\"true\">Ongles</a></li><li class=\"flex py-4 lg:block block\" key=\"180\"><a href=\"/Maquillage/Accessoires-sourcils/Coffrets\" class=\"block w-full h-full\" data-behaviour=\"utag-link-event\" data-initialized=\"true\">Coffrets</a></li><li class=\"flex py-4 lg:block block\" key=\"134\"><a href=\"/Maquillage/Accessoires-sourcils/Levres\" class=\"block w-full h-full\" data-behaviour=\"utag-link-event\" data-initialized=\"true\">Lèvres</a></li><li class=\"flex py-4 lg:block block\" key=\"133\"><a href=\"/Maquillage/Accessoires-sourcils/Teint\" class=\"block w-full h-full\" data-behaviour=\"utag-link-event\" data-initialized=\"true\">Teint</a></li><li class=\"flex py-4 lg:block block\" key=\"135\"><a href=\"/Maquillage/Accessoires-sourcils/Yeux\" class=\"block w-full h-full\" data-behaviour=\"utag-link-event\" data-initialized=\"true\">Yeux</a></li></ul><li class=\"flex py-4 pr-4 justify-between lg:block block\"><span>Maquillage waterproof</span>\n                <img src=\"/images/arrow-down.svg\" alt=\"Pfeil nach unten\"></li>\n            <ul class=\"hidden bg-white divide-y divide-mediumgray list-outside *:pl-4\" data-behaviour=\"navigationMenuDropdown-selector\" data-initialized=\"true\"><li class=\"flex py-4\"><a href=\"/Maquillage/Maquillage-waterproof\" class=\"block w-full h-full\" data-behaviour=\"utag-link-event\" data-initialized=\"true\">Tout afficher</a></li><li class=\"flex py-4 lg:block block\" key=\"1048\"><a href=\"/Maquillage/Maquillage-waterproof/Eyeliner-waterproof\" class=\"block w-full h-full\" data-behaviour=\"utag-link-event\" data-initialized=\"true\">Eyeliner waterproof</a></li><li class=\"flex py-4 lg:block block\" key=\"1049\"><a href=\"/Maquillage/Maquillage-waterproof/Fond-de-teint-waterproof\" class=\"block w-full h-full\" data-behaviour=\"utag-link-event\" data-initialized=\"true\">Fond de teint waterproof</a></li><li class=\"flex py-4 lg:block block\" key=\"1047\"><a href=\"/Maquillage/Maquillage-waterproof/Mascara-waterproof\" class=\"block w-full h-full\" data-behaviour=\"utag-link-event\" data-initialized=\"true\">Mascara waterproof</a></li><li class=\"flex py-4 lg:block block\" key=\"1052\"><a href=\"/Maquillage/Maquillage-waterproof/Anti-cernes-waterproof\" class=\"block w-full h-full\" data-behaviour=\"utag-link-event\" data-initialized=\"true\">Anti-cernes waterproof</a></li><li class=\"flex py-4 lg:block block\" key=\"1051\"><a href=\"/Maquillage/Maquillage-waterproof/Fard-a-paupieres-waterproof\" class=\"block w-full h-full\" data-behaviour=\"utag-link-event\" data-initialized=\"true\">Fard à paupières waterproof</a></li><li class=\"flex py-4 lg:block block\" key=\"1050\"><a href=\"/Maquillage/Maquillage-waterproof/Crayons-sourcils-waterproof\" class=\"block w-full h-full\" data-behaviour=\"utag-link-event\" data-initialized=\"true\">Crayons sourcils waterproof</a></li></ul><li class=\"flex py-4 pr-4 justify-between lg:block block\"><span>Produits phares</span>\n                <img src=\"/images/arrow-down.svg\" alt=\"Pfeil nach unten\"></li>\n            <ul class=\"hidden bg-white divide-y divide-mediumgray list-outside *:pl-4\" data-behaviour=\"navigationMenuDropdown-selector\" data-initialized=\"true\"><li class=\"flex py-4\"><a href=\"/Maquillage/Produits-phares\" class=\"block w-full h-full\" data-behaviour=\"utag-link-event\" data-initialized=\"true\">Tout afficher</a></li><li class=\"flex py-4 lg:block block\" key=\"1045\"><a href=\"/Maquillage/Produits-phares/Maquillage-glowy\" class=\"block w-full h-full\" data-behaviour=\"utag-link-event\" data-initialized=\"true\">Maquillage glowy</a></li><li class=\"flex py-4 lg:block block\" key=\"1044\"><a href=\"/Maquillage/Produits-phares/Maquillage-vegan\" class=\"block w-full h-full\" data-behaviour=\"utag-link-event\" data-initialized=\"true\">Maquillage vegan</a></li></ul><li class=\"flex py-4 pr-4 justify-between lg:block block\"><span>Format voyage</span>\n                <img src=\"/images/arrow-down.svg\" alt=\"Pfeil nach unten\"></li>\n            <ul class=\"hidden bg-white divide-y divide-mediumgray list-outside *:pl-4\" data-behaviour=\"navigationMenuDropdown-selector\" data-initialized=\"true\"><li class=\"flex py-4\"><a href=\"/Maquillage/Format-voyage\" class=\"block w-full h-full\" data-behaviour=\"utag-link-event\" data-initialized=\"true\">Tout afficher</a></li><li class=\"flex py-4 lg:block block\" key=\"1056\"><a href=\"/Maquillage/Format-voyage/Yeux\" class=\"block w-full h-full\" data-behaviour=\"utag-link-event\" data-initialized=\"true\">Yeux</a></li><li class=\"flex py-4 lg:block block\" key=\"1057\"><a href=\"/Maquillage/Format-voyage/Teint\" class=\"block w-full h-full\" data-behaviour=\"utag-link-event\" data-initialized=\"true\">Teint</a></li></ul></ul><li class=\"flex py-4 pr-4 justify-between lg:block block\"><span>Visage</span>\n                <img src=\"/images/arrow-down.svg\" alt=\"Pfeil nach unten\"></li>\n            <ul class=\"hidden bg-white divide-y divide-mediumgray list-outside *:pl-4\" data-behaviour=\"navigationMenuDropdown-selector\" data-initialized=\"true\"><li class=\"flex py-4\"><a href=\"/Visage\" class=\"block w-full h-full\" data-behaviour=\"utag-link-event\" data-props=\"{&quot;content_id&quot;:&quot;Homepage&quot;,&quot;interaction_element&quot;:&quot;Visage&quot;,&quot;interaction_object&quot;:&quot;homepage.navigation.Visage&quot;,&quot;interaction_position&quot;:&quot;P0-7&quot;,&quot;interaction_type&quot;:&quot;click&quot;,&quot;interaction_component_name&quot;:null,&quot;interaction_type_parent&quot;:&quot;Navigation&quot;,&quot;interaction_type_detail&quot;:&quot;Main Navigation&quot;,&quot;interaction_page_position&quot;:&quot;P0&quot;,&quot;interaction_click&quot;:&quot;click&quot;}\" data-initialized=\"true\">Tout afficher</a></li><li class=\"flex py-4 pr-4 justify-between lg:block block\"><span>Soin visage</span>\n                <img src=\"/images/arrow-down.svg\" alt=\"Pfeil nach unten\"></li>\n            <ul class=\"hidden bg-white divide-y divide-mediumgray list-outside *:pl-4\" data-behaviour=\"navigationMenuDropdown-selector\" data-initialized=\"true\"><li class=\"flex py-4\"><a href=\"/Visage/Soin-visage\" class=\"block w-full h-full\" data-behaviour=\"utag-link-event\" data-initialized=\"true\">Tout afficher</a></li><li class=\"flex py-4 lg:block block\" key=\"727\"><a href=\"/Visage/Soin-visage/Creme-visage\" class=\"block w-full h-full\" data-behaviour=\"utag-link-event\" data-initialized=\"true\">Crème visage</a></li><li class=\"flex py-4 lg:block block\" key=\"728\"><a href=\"/Visage/Soin-visage/Creme-anti-rides\" class=\"block w-full h-full\" data-behaviour=\"utag-link-event\" data-initialized=\"true\">Crème anti-rides</a></li><li class=\"flex py-4 lg:block block\" key=\"729\"><a href=\"/Visage/Soin-visage/Creme-de-jour\" class=\"block w-full h-full\" data-behaviour=\"utag-link-event\" data-initialized=\"true\">Crème de jour</a></li><li class=\"flex py-4 lg:block block\" key=\"730\"><a href=\"/Visage/Soin-visage/Creme-de-nuit\" class=\"block w-full h-full\" data-behaviour=\"utag-link-event\" data-initialized=\"true\">Crème de nuit</a></li><li class=\"flex py-4 lg:block block\" key=\"733\"><a href=\"/Visage/Soin-visage/Huile-visage\" class=\"block w-full h-full\" data-behaviour=\"utag-link-event\" data-initialized=\"true\">Huile visage</a></li><li class=\"flex py-4 lg:block block\" key=\"741\"><a href=\"/Visage/Soin-visage/BB-creme-et-CC-creme\" class=\"block w-full h-full\" data-behaviour=\"utag-link-event\" data-initialized=\"true\">BB crème et CC crème</a></li><li class=\"flex py-4 lg:block block\" key=\"734\"><a href=\"/Visage/Soin-visage/Brume-visage\" class=\"block w-full h-full\" data-behaviour=\"utag-link-event\" data-initialized=\"true\">Brume visage</a></li><li class=\"flex py-4 lg:block block\" key=\"736\"><a href=\"/Visage/Soin-visage/Coffret-soin-visage\" class=\"block w-full h-full\" data-behaviour=\"utag-link-event\" data-initialized=\"true\">Coffret soin visage</a></li><li class=\"flex py-4 lg:block block\" key=\"735\"><a href=\"/Visage/Soin-visage/Creme-cou-et-decollete\" class=\"block w-full h-full\" data-behaviour=\"utag-link-event\" data-initialized=\"true\">Crème cou et décolleté</a></li><li class=\"flex py-4 lg:block block\" key=\"738\"><a href=\"/Visage/Soin-visage/Creme-hydratante\" class=\"block w-full h-full\" data-behaviour=\"utag-link-event\" data-initialized=\"true\">Crème hydratante</a></li><li class=\"flex py-4 lg:block block\" key=\"740\"><a href=\"/Visage/Soin-visage/Creme-sans-parabens\" class=\"block w-full h-full\" data-behaviour=\"utag-link-event\" data-initialized=\"true\">Crème sans parabens</a></li><li class=\"flex py-4 lg:block block\" key=\"732\"><a href=\"/Visage/Soin-visage/Creme-teintee\" class=\"block w-full h-full\" data-behaviour=\"utag-link-event\" data-initialized=\"true\">Crème teintée</a></li><li class=\"flex py-4 lg:block block\" key=\"731\"><a href=\"/Visage/Soin-visage/Masque-visage\" class=\"block w-full h-full\" data-behaviour=\"utag-link-event\" data-initialized=\"true\">Masque visage</a></li><li class=\"flex py-4 lg:block block\" key=\"739\"><a href=\"/Visage/Soin-visage/Q10\" class=\"block w-full h-full\" data-behaviour=\"utag-link-event\" data-initialized=\"true\">Q10</a></li><li class=\"flex py-4 lg:block block\" key=\"737\"><a href=\"/Visage/Soin-visage/Soin-24h\" class=\"block w-full h-full\" data-behaviour=\"utag-link-event\" data-initialized=\"true\">Soin 24h</a></li><li class=\"flex py-4 lg:block block\" key=\"954\"><a href=\"/Visage/Soin-visage/Soin-anti-acne\" class=\"block w-full h-full\" data-behaviour=\"utag-link-event\" data-initialized=\"true\">Soin anti-acné</a></li></ul><li class=\"flex py-4 pr-4 justify-between lg:block block\"><span>Sérum visage</span>\n                <img src=\"/images/arrow-down.svg\" alt=\"Pfeil nach unten\"></li>\n            <ul class=\"hidden bg-white divide-y divide-mediumgray list-outside *:pl-4\" data-behaviour=\"navigationMenuDropdown-selector\" data-initialized=\"true\"><li class=\"flex py-4\"><a href=\"/Visage/Serum-visage\" class=\"block w-full h-full\" data-behaviour=\"utag-link-event\" data-initialized=\"true\">Tout afficher</a></li><li class=\"flex py-4 lg:block block\" key=\"763\"><a href=\"/Visage/Serum-visage/Serum-anti-age\" class=\"block w-full h-full\" data-behaviour=\"utag-link-event\" data-initialized=\"true\">Sérum anti-âge</a></li><li class=\"flex py-4 lg:block block\" key=\"766\"><a href=\"/Visage/Serum-visage/Serum-collagene\" class=\"block w-full h-full\" data-behaviour=\"utag-link-event\" data-initialized=\"true\">Sérum collagène</a></li><li class=\"flex py-4 lg:block block\" key=\"762\"><a href=\"/Visage/Serum-visage/Serum-hydratant\" class=\"block w-full h-full\" data-behaviour=\"utag-link-event\" data-initialized=\"true\">Sérum hydratant</a></li><li class=\"flex py-4 lg:block block\" key=\"764\"><a href=\"/Visage/Serum-visage/Serum-acide-hyaluronique\" class=\"block w-full h-full\" data-behaviour=\"utag-link-event\" data-initialized=\"true\">Sérum acide hyaluronique</a></li><li class=\"flex py-4 lg:block block\" key=\"767\"><a href=\"/Visage/Serum-visage/Serum-vitamine-C\" class=\"block w-full h-full\" data-behaviour=\"utag-link-event\" data-initialized=\"true\">Sérum vitamine C</a></li><li class=\"flex py-4 lg:block block\" key=\"765\"><a href=\"/Visage/Serum-visage/Ampoule-visage\" class=\"block w-full h-full\" data-behaviour=\"utag-link-event\" data-initialized=\"true\">Ampoule visage</a></li></ul><li class=\"flex py-4 pr-4 justify-between lg:block block\"><span>Soin contour des yeux</span>\n                <img src=\"/images/arrow-down.svg\" alt=\"Pfeil nach unten\"></li>\n            <ul class=\"hidden bg-white divide-y divide-mediumgray list-outside *:pl-4\" data-behaviour=\"navigationMenuDropdown-selector\" data-initialized=\"true\"><li class=\"flex py-4\"><a href=\"/Visage/Soin-contour-des-yeux\" class=\"block w-full h-full\" data-behaviour=\"utag-link-event\" data-initialized=\"true\">Tout afficher</a></li><li class=\"flex py-4 lg:block block\" key=\"748\"><a href=\"/Visage/Soin-contour-des-yeux/Serum-sourcils\" class=\"block w-full h-full\" data-behaviour=\"utag-link-event\" data-initialized=\"true\">Sérum sourcils</a></li><li class=\"flex py-4 lg:block block\" key=\"743\"><a href=\"/Visage/Soin-contour-des-yeux/Creme-contour-des-yeux\" class=\"block w-full h-full\" data-behaviour=\"utag-link-event\" data-initialized=\"true\">Crème contour des yeux</a></li><li class=\"flex py-4 lg:block block\" key=\"747\"><a href=\"/Visage/Soin-contour-des-yeux/Masques-patchs-pour-les-yeux\" class=\"block w-full h-full\" data-behaviour=\"utag-link-event\" data-initialized=\"true\">Masques &amp; patchs pour les yeux</a></li><li class=\"flex py-4 lg:block block\" key=\"745\"><a href=\"/Visage/Soin-contour-des-yeux/Serum-contour-des-yeux\" class=\"block w-full h-full\" data-behaviour=\"utag-link-event\" data-initialized=\"true\">Sérum contour des yeux</a></li><li class=\"flex py-4 lg:block block\" key=\"744\"><a href=\"/Visage/Soin-contour-des-yeux/Serum-cils\" class=\"block w-full h-full\" data-behaviour=\"utag-link-event\" data-initialized=\"true\">Sérum cils</a></li><li class=\"flex py-4 lg:block block\" key=\"746\"><a href=\"/Visage/Soin-contour-des-yeux/Gel-contour-des-yeux\" class=\"block w-full h-full\" data-behaviour=\"utag-link-event\" data-initialized=\"true\">Gel contour des yeux</a></li></ul><li class=\"flex py-4 pr-4 justify-between lg:block block\"><span>Soin des lèvres</span>\n                <img src=\"/images/arrow-down.svg\" alt=\"Pfeil nach unten\"></li>\n            <ul class=\"hidden bg-white divide-y divide-mediumgray list-outside *:pl-4\" data-behaviour=\"navigationMenuDropdown-selector\" data-initialized=\"true\"><li class=\"flex py-4\"><a href=\"/Visage/Soin-des-levres\" class=\"block w-full h-full\" data-behaviour=\"utag-link-event\" data-initialized=\"true\">Tout afficher</a></li><li class=\"flex py-4 lg:block block\" key=\"785\"><a href=\"/Visage/Soin-des-levres/Baume-a-levres\" class=\"block w-full h-full\" data-behaviour=\"utag-link-event\" data-initialized=\"true\">Baume à lèvres</a></li><li class=\"flex py-4 lg:block block\" key=\"787\"><a href=\"/Visage/Soin-des-levres/Masque-pour-les-levres\" class=\"block w-full h-full\" data-behaviour=\"utag-link-event\" data-initialized=\"true\">Masque pour les lèvres</a></li><li class=\"flex py-4 lg:block block\" key=\"789\"><a href=\"/Visage/Soin-des-levres/Huile-a-levres\" class=\"block w-full h-full\" data-behaviour=\"utag-link-event\" data-initialized=\"true\">Huile à lèvres</a></li><li class=\"flex py-4 lg:block block\" key=\"786\"><a href=\"/Visage/Soin-des-levres/Gommage-a-levres\" class=\"block w-full h-full\" data-behaviour=\"utag-link-event\" data-initialized=\"true\">Gommage à lèvres</a></li><li class=\"flex py-4 lg:block block\" key=\"788\"><a href=\"/Visage/Soin-des-levres/Serum-a-levres\" class=\"block w-full h-full\" data-behaviour=\"utag-link-event\" data-initialized=\"true\">Sérum à lèvres</a></li></ul><li class=\"flex py-4 pr-4 justify-between lg:block block\"><span>Soin par type de peau</span>\n                <img src=\"/images/arrow-down.svg\" alt=\"Pfeil nach unten\"></li>\n            <ul class=\"hidden bg-white divide-y divide-mediumgray list-outside *:pl-4\" data-behaviour=\"navigationMenuDropdown-selector\" data-initialized=\"true\"><li class=\"flex py-4\"><a href=\"/Visage/Soin-par-type-de-peau\" class=\"block w-full h-full\" data-behaviour=\"utag-link-event\" data-initialized=\"true\">Tout afficher</a></li><li class=\"flex py-4 lg:block block\" key=\"803\"><a href=\"/Visage/Soin-par-type-de-peau/Peau-grasse\" class=\"block w-full h-full\" data-behaviour=\"utag-link-event\" data-initialized=\"true\">Peau grasse</a></li><li class=\"flex py-4 lg:block block\" key=\"806\"><a href=\"/Visage/Soin-par-type-de-peau/Peau-mixte\" class=\"block w-full h-full\" data-behaviour=\"utag-link-event\" data-initialized=\"true\">Peau mixte</a></li><li class=\"flex py-4 lg:block block\" key=\"804\"><a href=\"/Visage/Soin-par-type-de-peau/Peau-sensible\" class=\"block w-full h-full\" data-behaviour=\"utag-link-event\" data-initialized=\"true\">Peau sensible</a></li><li class=\"flex py-4 lg:block block\" key=\"802\"><a href=\"/Visage/Soin-par-type-de-peau/Peau-seche\" class=\"block w-full h-full\" data-behaviour=\"utag-link-event\" data-initialized=\"true\">Peau sèche</a></li><li class=\"flex py-4 lg:block block\" key=\"805\"><a href=\"/Visage/Soin-par-type-de-peau/Peau-a-imperfections\" class=\"block w-full h-full\" data-behaviour=\"utag-link-event\" data-initialized=\"true\">Peau à imperfections</a></li><li class=\"flex py-4 lg:block block\" key=\"807\"><a href=\"/Visage/Soin-par-type-de-peau/Soin-anti-rides\" class=\"block w-full h-full\" data-behaviour=\"utag-link-event\" data-initialized=\"true\">Soin anti-rides</a></li><li class=\"flex py-4 lg:block block\" key=\"808\"><a href=\"/Visage/Soin-par-type-de-peau/Soin-anti-rougeurs\" class=\"block w-full h-full\" data-behaviour=\"utag-link-event\" data-initialized=\"true\">Soin anti-rougeurs</a></li><li class=\"flex py-4 lg:block block\" key=\"809\"><a href=\"/Visage/Soin-par-type-de-peau/Soin-avec-FPS\" class=\"block w-full h-full\" data-behaviour=\"utag-link-event\" data-initialized=\"true\">Soin avec FPS</a></li></ul><li class=\"flex py-4 pr-4 justify-between lg:block block\"><span>Masque visage</span>\n                <img src=\"/images/arrow-down.svg\" alt=\"Pfeil nach unten\"></li>\n            <ul class=\"hidden bg-white divide-y divide-mediumgray list-outside *:pl-4\" data-behaviour=\"navigationMenuDropdown-selector\" data-initialized=\"true\"><li class=\"flex py-4\"><a href=\"/Visage/Masque-visage\" class=\"block w-full h-full\" data-behaviour=\"utag-link-event\" data-initialized=\"true\">Tout afficher</a></li><li class=\"flex py-4 lg:block block\" key=\"772\"><a href=\"/Visage/Masque-visage/Masque-yeux-et-levres\" class=\"block w-full h-full\" data-behaviour=\"utag-link-event\" data-initialized=\"true\">Masque yeux et lèvres</a></li><li class=\"flex py-4 lg:block block\" key=\"769\"><a href=\"/Visage/Masque-visage/Masque-hydratant\" class=\"block w-full h-full\" data-behaviour=\"utag-link-event\" data-initialized=\"true\">Masque hydratant</a></li><li class=\"flex py-4 lg:block block\" key=\"770\"><a href=\"/Visage/Masque-visage/Masque-purifiant\" class=\"block w-full h-full\" data-behaviour=\"utag-link-event\" data-initialized=\"true\">Masque purifiant</a></li><li class=\"flex py-4 lg:block block\" key=\"775\"><a href=\"/Visage/Masque-visage/Masque-a-largile\" class=\"block w-full h-full\" data-behaviour=\"utag-link-event\" data-initialized=\"true\">Masque à l'argile</a></li><li class=\"flex py-4 lg:block block\" key=\"773\"><a href=\"/Visage/Masque-visage/Masque-en-tissu\" class=\"block w-full h-full\" data-behaviour=\"utag-link-event\" data-initialized=\"true\">Masque en tissu</a></li><li class=\"flex py-4 lg:block block\" key=\"776\"><a href=\"/Visage/Masque-visage/Masque-anti-boutons\" class=\"block w-full h-full\" data-behaviour=\"utag-link-event\" data-initialized=\"true\">Masque anti-boutons</a></li><li class=\"flex py-4 lg:block block\" key=\"777\"><a href=\"/Visage/Masque-visage/Masque-anti-points-noirs\" class=\"block w-full h-full\" data-behaviour=\"utag-link-event\" data-initialized=\"true\">Masque anti-points noirs</a></li><li class=\"flex py-4 lg:block block\" key=\"771\"><a href=\"/Visage/Masque-visage/Masque-anti-rides\" class=\"block w-full h-full\" data-behaviour=\"utag-link-event\" data-initialized=\"true\">Masque anti-rides</a></li><li class=\"flex py-4 lg:block block\" key=\"974\"><a href=\"/Visage/Masque-visage/Masque-de-nuit-visage\" class=\"block w-full h-full\" data-behaviour=\"utag-link-event\" data-initialized=\"true\">Masque de nuit visage</a></li><li class=\"flex py-4 lg:block block\" key=\"774\"><a href=\"/Visage/Masque-visage/Masque-eclat\" class=\"block w-full h-full\" data-behaviour=\"utag-link-event\" data-initialized=\"true\">Masque éclat</a></li></ul><li class=\"flex py-4 pr-4 justify-between lg:block block\"><span>Nettoyant visage</span>\n                <img src=\"/images/arrow-down.svg\" alt=\"Pfeil nach unten\"></li>\n            <ul class=\"hidden bg-white divide-y divide-mediumgray list-outside *:pl-4\" data-behaviour=\"navigationMenuDropdown-selector\" data-initialized=\"true\"><li class=\"flex py-4\"><a href=\"/Visage/Nettoyant-visage\" class=\"block w-full h-full\" data-behaviour=\"utag-link-event\" data-initialized=\"true\">Tout afficher</a></li><li class=\"flex py-4 lg:block block\" key=\"753\"><a href=\"/Visage/Nettoyant-visage/Gommage-visage\" class=\"block w-full h-full\" data-behaviour=\"utag-link-event\" data-initialized=\"true\">Gommage visage</a></li><li class=\"flex py-4 lg:block block\" key=\"750\"><a href=\"/Visage/Nettoyant-visage/Lotion-tonique\" class=\"block w-full h-full\" data-behaviour=\"utag-link-event\" data-initialized=\"true\">Lotion tonique</a></li><li class=\"flex py-4 lg:block block\" key=\"760\"><a href=\"/Visage/Nettoyant-visage/Eau-micellaire\" class=\"block w-full h-full\" data-behaviour=\"utag-link-event\" data-initialized=\"true\">Eau micellaire</a></li><li class=\"flex py-4 lg:block block\" key=\"754\"><a href=\"/Visage/Nettoyant-visage/Gel-nettoyant-visage\" class=\"block w-full h-full\" data-behaviour=\"utag-link-event\" data-initialized=\"true\">Gel nettoyant visage</a></li><li class=\"flex py-4 lg:block block\" key=\"756\"><a href=\"/Visage/Nettoyant-visage/Huile-nettoyante-visage\" class=\"block w-full h-full\" data-behaviour=\"utag-link-event\" data-initialized=\"true\">Huile nettoyante visage</a></li><li class=\"flex py-4 lg:block block\" key=\"971\"><a href=\"/Visage/Nettoyant-visage/Cotons-demaquillants\" class=\"block w-full h-full\" data-behaviour=\"utag-link-event\" data-initialized=\"true\">Cotons démaquillants</a></li><li class=\"flex py-4 lg:block block\" key=\"758\"><a href=\"/Visage/Nettoyant-visage/Creme-nettoyante-visage\" class=\"block w-full h-full\" data-behaviour=\"utag-link-event\" data-initialized=\"true\">Crème nettoyante visage</a></li><li class=\"flex py-4 lg:block block\" key=\"752\"><a href=\"/Visage/Nettoyant-visage/Demaquillant\" class=\"block w-full h-full\" data-behaviour=\"utag-link-event\" data-initialized=\"true\">Démaquillant</a></li><li class=\"flex py-4 lg:block block\" key=\"759\"><a href=\"/Visage/Nettoyant-visage/Kit-nettoyage-visage\" class=\"block w-full h-full\" data-behaviour=\"utag-link-event\" data-initialized=\"true\">Kit nettoyage visage</a></li><li class=\"flex py-4 lg:block block\" key=\"757\"><a href=\"/Visage/Nettoyant-visage/Lait-demaquillant\" class=\"block w-full h-full\" data-behaviour=\"utag-link-event\" data-initialized=\"true\">Lait démaquillant</a></li><li class=\"flex py-4 lg:block block\" key=\"973\"><a href=\"/Visage/Nettoyant-visage/Lingettes-demaquillantes\" class=\"block w-full h-full\" data-behaviour=\"utag-link-event\" data-initialized=\"true\">Lingettes démaquillantes</a></li><li class=\"flex py-4 lg:block block\" key=\"751\"><a href=\"/Visage/Nettoyant-visage/Mousse-nettoyante\" class=\"block w-full h-full\" data-behaviour=\"utag-link-event\" data-initialized=\"true\">Mousse nettoyante</a></li><li class=\"flex py-4 lg:block block\" key=\"972\"><a href=\"/Visage/Nettoyant-visage/Poudre-nettoyante\" class=\"block w-full h-full\" data-behaviour=\"utag-link-event\" data-initialized=\"true\">Poudre nettoyante</a></li><li class=\"flex py-4 lg:block block\" key=\"755\"><a href=\"/Visage/Nettoyant-visage/Savon-visage\" class=\"block w-full h-full\" data-behaviour=\"utag-link-event\" data-initialized=\"true\">Savon visage</a></li></ul><li class=\"flex py-4 pr-4 justify-between lg:block block\"><span>Accessoires beauté</span>\n                <img src=\"/images/arrow-down.svg\" alt=\"Pfeil nach unten\"></li>\n            <ul class=\"hidden bg-white divide-y divide-mediumgray list-outside *:pl-4\" data-behaviour=\"navigationMenuDropdown-selector\" data-initialized=\"true\"><li class=\"flex py-4\"><a href=\"/Visage/Accessoires-beaute\" class=\"block w-full h-full\" data-behaviour=\"utag-link-event\" data-initialized=\"true\">Tout afficher</a></li><li class=\"flex py-4 lg:block block\" key=\"795\"><a href=\"/Visage/Accessoires-beaute/Masseur-pour-le-visage\" class=\"block w-full h-full\" data-behaviour=\"utag-link-event\" data-initialized=\"true\">Masseur pour le visage</a></li><li class=\"flex py-4 lg:block block\" key=\"792\"><a href=\"/Visage/Accessoires-beaute/Brosse-nettoyante-visage\" class=\"block w-full h-full\" data-behaviour=\"utag-link-event\" data-initialized=\"true\">Brosse nettoyante visage</a></li><li class=\"flex py-4 lg:block block\" key=\"793\"><a href=\"/Visage/Accessoires-beaute/Appareil-nettoyage-visage\" class=\"block w-full h-full\" data-behaviour=\"utag-link-event\" data-initialized=\"true\">Appareil nettoyage visage</a></li><li class=\"flex py-4 lg:block block\" key=\"800\"><a href=\"/Visage/Accessoires-beaute/Gua-sha\" class=\"block w-full h-full\" data-behaviour=\"utag-link-event\" data-initialized=\"true\">Gua sha</a></li><li class=\"flex py-4 lg:block block\" key=\"799\"><a href=\"/Visage/Accessoires-beaute/Miroir-a-maquillage\" class=\"block w-full h-full\" data-behaviour=\"utag-link-event\" data-initialized=\"true\">Miroir à maquillage</a></li><li class=\"flex py-4 lg:block block\" key=\"969\"><a href=\"/Visage/Accessoires-beaute/Bandeaux-de-maquillage\" class=\"block w-full h-full\" data-behaviour=\"utag-link-event\" data-initialized=\"true\">Bandeaux de maquillage</a></li><li class=\"flex py-4 lg:block block\" key=\"797\"><a href=\"/Visage/Accessoires-beaute/Brosse-a-cils\" class=\"block w-full h-full\" data-behaviour=\"utag-link-event\" data-initialized=\"true\">Brosse à cils</a></li><li class=\"flex py-4 lg:block block\" key=\"794\"><a href=\"/Visage/Accessoires-beaute/Dermaroller\" class=\"block w-full h-full\" data-behaviour=\"utag-link-event\" data-initialized=\"true\">Dermaroller</a></li><li class=\"flex py-4 lg:block block\" key=\"962\"><a href=\"/Visage/Accessoires-beaute/Masque-de-sommeil\" class=\"block w-full h-full\" data-behaviour=\"utag-link-event\" data-initialized=\"true\">Masque de sommeil</a></li></ul><li class=\"flex py-4 pr-4 justify-between lg:block block\"><span>Crème solaire visage</span>\n                <img src=\"/images/arrow-down.svg\" alt=\"Pfeil nach unten\"></li>\n            <ul class=\"hidden bg-white divide-y divide-mediumgray list-outside *:pl-4\" data-behaviour=\"navigationMenuDropdown-selector\" data-initialized=\"true\"><li class=\"flex py-4\"><a href=\"/Visage/Creme-solaire-visage\" class=\"block w-full h-full\" data-behaviour=\"utag-link-event\" data-initialized=\"true\">Tout afficher</a></li><li class=\"flex py-4 lg:block block\" key=\"782\"><a href=\"/Visage/Creme-solaire-visage/Apres-soleil\" class=\"block w-full h-full\" data-behaviour=\"utag-link-event\" data-initialized=\"true\">Après-soleil</a></li><li class=\"flex py-4 lg:block block\" key=\"780\"><a href=\"/Visage/Creme-solaire-visage/Autobronzant\" class=\"block w-full h-full\" data-behaviour=\"utag-link-event\" data-initialized=\"true\">Autobronzant</a></li><li class=\"flex py-4 lg:block block\" key=\"781\"><a href=\"/Visage/Creme-solaire-visage/Creme-solaire\" class=\"block w-full h-full\" data-behaviour=\"utag-link-event\" data-initialized=\"true\">Crème solaire</a></li><li class=\"flex py-4 lg:block block\" key=\"783\"><a href=\"/Visage/Creme-solaire-visage/Maquillage-solaire\" class=\"block w-full h-full\" data-behaviour=\"utag-link-event\" data-initialized=\"true\">Maquillage solaire</a></li></ul></ul><li class=\"flex py-4 pr-4 justify-between lg:block block\"><span>Corps</span>\n                <img src=\"/images/arrow-down.svg\" alt=\"Pfeil nach unten\"></li>\n            <ul class=\"hidden bg-white divide-y divide-mediumgray list-outside *:pl-4\" data-behaviour=\"navigationMenuDropdown-selector\" data-initialized=\"true\"><li class=\"flex py-4\"><a href=\"/Corps\" class=\"block w-full h-full\" data-behaviour=\"utag-link-event\" data-props=\"{&quot;content_id&quot;:&quot;Homepage&quot;,&quot;interaction_element&quot;:&quot;Corps&quot;,&quot;interaction_object&quot;:&quot;homepage.navigation.Corps&quot;,&quot;interaction_position&quot;:&quot;P0-8&quot;,&quot;interaction_type&quot;:&quot;click&quot;,&quot;interaction_component_name&quot;:null,&quot;interaction_type_parent&quot;:&quot;Navigation&quot;,&quot;interaction_type_detail&quot;:&quot;Main Navigation&quot;,&quot;interaction_page_position&quot;:&quot;P0&quot;,&quot;interaction_click&quot;:&quot;click&quot;}\" data-initialized=\"true\">Tout afficher</a></li><li class=\"flex py-4 pr-4 justify-between lg:block block\"><span>Soin du corps</span>\n                <img src=\"/images/arrow-down.svg\" alt=\"Pfeil nach unten\"></li>\n            <ul class=\"hidden bg-white divide-y divide-mediumgray list-outside *:pl-4\" data-behaviour=\"navigationMenuDropdown-selector\" data-initialized=\"true\"><li class=\"flex py-4\"><a href=\"/Corps/Soin-du-corps\" class=\"block w-full h-full\" data-behaviour=\"utag-link-event\" data-initialized=\"true\">Tout afficher</a></li><li class=\"flex py-4 lg:block block\" key=\"882\"><a href=\"/Corps/Soin-du-corps/Laits-corps\" class=\"block w-full h-full\" data-behaviour=\"utag-link-event\" data-initialized=\"true\">Laits corps</a></li><li class=\"flex py-4 lg:block block\" key=\"883\"><a href=\"/Corps/Soin-du-corps/Deodorants\" class=\"block w-full h-full\" data-behaviour=\"utag-link-event\" data-initialized=\"true\">Déodorants</a></li><li class=\"flex py-4 lg:block block\" key=\"886\"><a href=\"/Corps/Soin-du-corps/Beurres-corps\" class=\"block w-full h-full\" data-behaviour=\"utag-link-event\" data-initialized=\"true\">Beurres corps</a></li><li class=\"flex py-4 lg:block block\" key=\"885\"><a href=\"/Corps/Soin-du-corps/Huiles-corps\" class=\"block w-full h-full\" data-behaviour=\"utag-link-event\" data-initialized=\"true\">Huiles corps</a></li><li class=\"flex py-4 lg:block block\" key=\"890\"><a href=\"/Corps/Soin-du-corps/Produits-anti-cellulite\" class=\"block w-full h-full\" data-behaviour=\"utag-link-event\" data-initialized=\"true\">Produits anti-cellulite</a></li><li class=\"flex py-4 lg:block block\" key=\"891\"><a href=\"/Corps/Soin-du-corps/Cremes-cou-et-decollete\" class=\"block w-full h-full\" data-behaviour=\"utag-link-event\" data-initialized=\"true\">Crèmes cou et décolleté</a></li><li class=\"flex py-4 lg:block block\" key=\"889\"><a href=\"/Corps/Soin-du-corps/Gel-intime\" class=\"block w-full h-full\" data-behaviour=\"utag-link-event\" data-initialized=\"true\">Gel intime</a></li><li class=\"flex py-4 lg:block block\" key=\"888\"><a href=\"/Corps/Soin-du-corps/Huiles-de-massage-huiles-essentielles\" class=\"block w-full h-full\" data-behaviour=\"utag-link-event\" data-initialized=\"true\">Huiles de massage &amp; huiles essentielles</a></li><li class=\"flex py-4 lg:block block\" key=\"949\"><a href=\"/Corps/Soin-du-corps/Huiles-essentielles-pour-sauna\" class=\"block w-full h-full\" data-behaviour=\"utag-link-event\" data-initialized=\"true\">Huiles essentielles pour sauna</a></li><li class=\"flex py-4 lg:block block\" key=\"884\"><a href=\"/Corps/Soin-du-corps/Sprays-corps\" class=\"block w-full h-full\" data-behaviour=\"utag-link-event\" data-initialized=\"true\">Sprays corps</a></li></ul><li class=\"flex py-4 pr-4 justify-between lg:block block\"><span>Nettoyage corps</span>\n                <img src=\"/images/arrow-down.svg\" alt=\"Pfeil nach unten\"></li>\n            <ul class=\"hidden bg-white divide-y divide-mediumgray list-outside *:pl-4\" data-behaviour=\"navigationMenuDropdown-selector\" data-initialized=\"true\"><li class=\"flex py-4\"><a href=\"/Corps/Nettoyage-corps\" class=\"block w-full h-full\" data-behaviour=\"utag-link-event\" data-initialized=\"true\">Tout afficher</a></li><li class=\"flex py-4 lg:block block\" key=\"871\"><a href=\"/Corps/Nettoyage-corps/Gels-douche\" class=\"block w-full h-full\" data-behaviour=\"utag-link-event\" data-initialized=\"true\">Gels douche</a></li><li class=\"flex py-4 lg:block block\" key=\"873\"><a href=\"/Corps/Nettoyage-corps/Huiles-de-douche\" class=\"block w-full h-full\" data-behaviour=\"utag-link-event\" data-initialized=\"true\">Huiles de douche</a></li><li class=\"flex py-4 lg:block block\" key=\"872\"><a href=\"/Corps/Nettoyage-corps/Mousses-de-douche\" class=\"block w-full h-full\" data-behaviour=\"utag-link-event\" data-initialized=\"true\">Mousses de douche</a></li><li class=\"flex py-4 lg:block block\" key=\"875\"><a href=\"/Corps/Nettoyage-corps/Gommages-corps\" class=\"block w-full h-full\" data-behaviour=\"utag-link-event\" data-initialized=\"true\">Gommages corps</a></li><li class=\"flex py-4 lg:block block\" key=\"878\"><a href=\"/Corps/Nettoyage-corps/Sels-et-bombes-de-bain\" class=\"block w-full h-full\" data-behaviour=\"utag-link-event\" data-initialized=\"true\">Sels et bombes de bain</a></li><li class=\"flex py-4 lg:block block\" key=\"876\"><a href=\"/Corps/Nettoyage-corps/Huiles-et-laits-de-bain\" class=\"block w-full h-full\" data-behaviour=\"utag-link-event\" data-initialized=\"true\">Huiles et laits de bain</a></li><li class=\"flex py-4 lg:block block\" key=\"880\"><a href=\"/Corps/Nettoyage-corps/Hygiene-intime\" class=\"block w-full h-full\" data-behaviour=\"utag-link-event\" data-initialized=\"true\">Hygiène intime</a></li><li class=\"flex py-4 lg:block block\" key=\"874\"><a href=\"/Corps/Nettoyage-corps/Savons-liquides\" class=\"block w-full h-full\" data-behaviour=\"utag-link-event\" data-initialized=\"true\">Savons liquides</a></li><li class=\"flex py-4 lg:block block\" key=\"881\"><a href=\"/Corps/Nettoyage-corps/Savons-solides\" class=\"block w-full h-full\" data-behaviour=\"utag-link-event\" data-initialized=\"true\">Savons solides</a></li><li class=\"flex py-4 lg:block block\" key=\"879\"><a href=\"/Corps/Nettoyage-corps/Sets-de-bain-et-douche\" class=\"block w-full h-full\" data-behaviour=\"utag-link-event\" data-initialized=\"true\">Sets de bain et douche</a></li></ul><li class=\"flex py-4 pr-4 justify-between lg:block block\"><span>Soin des mains</span>\n                <img src=\"/images/arrow-down.svg\" alt=\"Pfeil nach unten\"></li>\n            <ul class=\"hidden bg-white divide-y divide-mediumgray list-outside *:pl-4\" data-behaviour=\"navigationMenuDropdown-selector\" data-initialized=\"true\"><li class=\"flex py-4\"><a href=\"/Corps/Soin-des-mains\" class=\"block w-full h-full\" data-behaviour=\"utag-link-event\" data-initialized=\"true\">Tout afficher</a></li><li class=\"flex py-4 lg:block block\" key=\"863\"><a href=\"/Corps/Soin-des-mains/Cremes-mains\" class=\"block w-full h-full\" data-behaviour=\"utag-link-event\" data-initialized=\"true\">Crèmes mains</a></li><li class=\"flex py-4 lg:block block\" key=\"867\"><a href=\"/Corps/Soin-des-mains/Desinfection-des-mains\" class=\"block w-full h-full\" data-behaviour=\"utag-link-event\" data-initialized=\"true\">Désinfection des mains</a></li><li class=\"flex py-4 lg:block block\" key=\"865\"><a href=\"/Corps/Soin-des-mains/Masques-mains\" class=\"block w-full h-full\" data-behaviour=\"utag-link-event\" data-initialized=\"true\">Masques mains</a></li><li class=\"flex py-4 lg:block block\" key=\"864\"><a href=\"/Corps/Soin-des-mains/Gommages-mains\" class=\"block w-full h-full\" data-behaviour=\"utag-link-event\" data-initialized=\"true\">Gommages mains</a></li><li class=\"flex py-4 lg:block block\" key=\"866\"><a href=\"/Corps/Soin-des-mains/Savons-mains\" class=\"block w-full h-full\" data-behaviour=\"utag-link-event\" data-initialized=\"true\">Savons mains</a></li></ul><li class=\"flex py-4 pr-4 justify-between lg:block block\"><span>Soin des pieds</span>\n                <img src=\"/images/arrow-down.svg\" alt=\"Pfeil nach unten\"></li>\n            <ul class=\"hidden bg-white divide-y divide-mediumgray list-outside *:pl-4\" data-behaviour=\"navigationMenuDropdown-selector\" data-initialized=\"true\"><li class=\"flex py-4\"><a href=\"/Corps/Soin-des-pieds\" class=\"block w-full h-full\" data-behaviour=\"utag-link-event\" data-initialized=\"true\">Tout afficher</a></li><li class=\"flex py-4 lg:block block\" key=\"858\"><a href=\"/Corps/Soin-des-pieds/Bains-de-pieds\" class=\"block w-full h-full\" data-behaviour=\"utag-link-event\" data-initialized=\"true\">Bains de pieds</a></li><li class=\"flex py-4 lg:block block\" key=\"857\"><a href=\"/Corps/Soin-des-pieds/Cremes-pieds\" class=\"block w-full h-full\" data-behaviour=\"utag-link-event\" data-initialized=\"true\">Crèmes pieds</a></li><li class=\"flex py-4 lg:block block\" key=\"861\"><a href=\"/Corps/Soin-des-pieds/Masques-pieds\" class=\"block w-full h-full\" data-behaviour=\"utag-link-event\" data-initialized=\"true\">Masques pieds</a></li><li class=\"flex py-4 lg:block block\" key=\"859\"><a href=\"/Corps/Soin-des-pieds/Peeling-pieds\" class=\"block w-full h-full\" data-behaviour=\"utag-link-event\" data-initialized=\"true\">Peeling pieds</a></li><li class=\"flex py-4 lg:block block\" key=\"862\"><a href=\"/Corps/Soin-des-pieds/Soins-anti-callosites\" class=\"block w-full h-full\" data-behaviour=\"utag-link-event\" data-initialized=\"true\">Soins anti callosités</a></li><li class=\"flex py-4 lg:block block\" key=\"955\"><a href=\"/Corps/Soin-des-pieds/Soins-des-pieds\" class=\"block w-full h-full\" data-behaviour=\"utag-link-event\" data-initialized=\"true\">Soins des pieds</a></li><li class=\"flex py-4 lg:block block\" key=\"860\"><a href=\"/Corps/Soin-des-pieds/Sprays-pieds\" class=\"block w-full h-full\" data-behaviour=\"utag-link-event\" data-initialized=\"true\">Sprays pieds</a></li></ul><li class=\"flex py-4 pr-4 justify-between lg:block block\"><span>Soin des ongles</span>\n                <img src=\"/images/arrow-down.svg\" alt=\"Pfeil nach unten\"></li>\n            <ul class=\"hidden bg-white divide-y divide-mediumgray list-outside *:pl-4\" data-behaviour=\"navigationMenuDropdown-selector\" data-initialized=\"true\"><li class=\"flex py-4\"><a href=\"/Corps/Soin-des-ongles\" class=\"block w-full h-full\" data-behaviour=\"utag-link-event\" data-initialized=\"true\">Tout afficher</a></li><li class=\"flex py-4 lg:block block\" key=\"852\"><a href=\"/Corps/Soin-des-ongles/Limes-a-ongles\" class=\"block w-full h-full\" data-behaviour=\"utag-link-event\" data-initialized=\"true\">Limes à ongles</a></li><li class=\"flex py-4 lg:block block\" key=\"851\"><a href=\"/Corps/Soin-des-ongles/Coupe-cuticules\" class=\"block w-full h-full\" data-behaviour=\"utag-link-event\" data-initialized=\"true\">Coupe-cuticules</a></li><li class=\"flex py-4 lg:block block\" key=\"854\"><a href=\"/Corps/Soin-des-ongles/Coupe-ongles\" class=\"block w-full h-full\" data-behaviour=\"utag-link-event\" data-initialized=\"true\">Coupe-ongles</a></li><li class=\"flex py-4 lg:block block\" key=\"850\"><a href=\"/Corps/Soin-des-ongles/Huiles-pour-ongles\" class=\"block w-full h-full\" data-behaviour=\"utag-link-event\" data-initialized=\"true\">Huiles pour ongles</a></li><li class=\"flex py-4 lg:block block\" key=\"853\"><a href=\"/Corps/Soin-des-ongles/Ciseaux-a-ongles\" class=\"block w-full h-full\" data-behaviour=\"utag-link-event\" data-initialized=\"true\">Ciseaux à ongles</a></li><li class=\"flex py-4 lg:block block\" key=\"855\"><a href=\"/Corps/Soin-des-ongles/Vernis-a-ongles\" class=\"block w-full h-full\" data-behaviour=\"utag-link-event\" data-initialized=\"true\">Vernis à ongles</a></li><li class=\"flex py-4 lg:block block\" key=\"856\"><a href=\"/Corps/Soin-des-ongles/Vernis-durcisseurs\" class=\"block w-full h-full\" data-behaviour=\"utag-link-event\" data-initialized=\"true\">Vernis durcisseurs</a></li></ul><li class=\"flex py-4 pr-4 justify-between lg:block block\"><span>Coffrets soins de beauté</span>\n                <img src=\"/images/arrow-down.svg\" alt=\"Pfeil nach unten\"></li>\n            <ul class=\"hidden bg-white divide-y divide-mediumgray list-outside *:pl-4\" data-behaviour=\"navigationMenuDropdown-selector\" data-initialized=\"true\"><li class=\"flex py-4\"><a href=\"/Corps/Coffrets-soins-de-beaute\" class=\"block w-full h-full\" data-behaviour=\"utag-link-event\" data-initialized=\"true\">Tout afficher</a></li><li class=\"flex py-4 lg:block block\" key=\"847\"><a href=\"/Corps/Coffrets-soins-de-beaute/Coffrets-de-bain\" class=\"block w-full h-full\" data-behaviour=\"utag-link-event\" data-initialized=\"true\">Coffrets de bain</a></li><li class=\"flex py-4 lg:block block\" key=\"845\"><a href=\"/Corps/Coffrets-soins-de-beaute/Kits-pedicure\" class=\"block w-full h-full\" data-behaviour=\"utag-link-event\" data-initialized=\"true\">Kits pédicure</a></li><li class=\"flex py-4 lg:block block\" key=\"843\"><a href=\"/Corps/Coffrets-soins-de-beaute/Coffrets-cadeaux\" class=\"block w-full h-full\" data-behaviour=\"utag-link-event\" data-initialized=\"true\">Coffrets cadeaux</a></li><li class=\"flex py-4 lg:block block\" key=\"844\"><a href=\"/Corps/Coffrets-soins-de-beaute/Kits-manucure\" class=\"block w-full h-full\" data-behaviour=\"utag-link-event\" data-initialized=\"true\">Kits manucure</a></li><li class=\"flex py-4 lg:block block\" key=\"842\"><a href=\"/Corps/Coffrets-soins-de-beaute/Coffrets-soins-du-corps\" class=\"block w-full h-full\" data-behaviour=\"utag-link-event\" data-initialized=\"true\">Coffrets soins du corps</a></li></ul><li class=\"flex py-4 pr-4 justify-between lg:block block\"><span>Accessoires de beauté</span>\n                <img src=\"/images/arrow-down.svg\" alt=\"Pfeil nach unten\"></li>\n            <ul class=\"hidden bg-white divide-y divide-mediumgray list-outside *:pl-4\" data-behaviour=\"navigationMenuDropdown-selector\" data-initialized=\"true\"><li class=\"flex py-4\"><a href=\"/Corps/Accessoires-de-beaute\" class=\"block w-full h-full\" data-behaviour=\"utag-link-event\" data-initialized=\"true\">Tout afficher</a></li><li class=\"flex py-4 lg:block block\" key=\"839\"><a href=\"/Corps/Accessoires-de-beaute/Fleurs-de-douche\" class=\"block w-full h-full\" data-behaviour=\"utag-link-event\" data-initialized=\"true\">Fleurs de douche</a></li><li class=\"flex py-4 lg:block block\" key=\"948\"><a href=\"/Corps/Accessoires-de-beaute/Brosses-pour-le-corps\" class=\"block w-full h-full\" data-behaviour=\"utag-link-event\" data-initialized=\"true\">Brosses pour le corps</a></li><li class=\"flex py-4 lg:block block\" key=\"977\"><a href=\"/Corps/Accessoires-de-beaute/Brosses-de-massage\" class=\"block w-full h-full\" data-behaviour=\"utag-link-event\" data-initialized=\"true\">Brosses de massage</a></li><li class=\"flex py-4 lg:block block\" key=\"837\"><a href=\"/Corps/Accessoires-de-beaute/Gants-autobronzants\" class=\"block w-full h-full\" data-behaviour=\"utag-link-event\" data-initialized=\"true\">Gants autobronzants</a></li><li class=\"flex py-4 lg:block block\" key=\"834\"><a href=\"/Corps/Accessoires-de-beaute/Accessoires-de-pedicure\" class=\"block w-full h-full\" data-behaviour=\"utag-link-event\" data-initialized=\"true\">Accessoires de pédicure</a></li><li class=\"flex py-4 lg:block block\" key=\"833\"><a href=\"/Corps/Accessoires-de-beaute/Accessoires-de-manucure\" class=\"block w-full h-full\" data-behaviour=\"utag-link-event\" data-initialized=\"true\">Accessoires de manucure</a></li><li class=\"flex py-4 lg:block block\" key=\"840\"><a href=\"/Corps/Accessoires-de-beaute/Accessoires-de-soin\" class=\"block w-full h-full\" data-behaviour=\"utag-link-event\" data-initialized=\"true\">Accessoires de soin</a></li><li class=\"flex py-4 lg:block block\" key=\"841\"><a href=\"/Corps/Accessoires-de-beaute/Bijoux-de-mains-et-pieds\" class=\"block w-full h-full\" data-behaviour=\"utag-link-event\" data-initialized=\"true\">Bijoux de mains et pieds</a></li><li class=\"flex py-4 lg:block block\" key=\"838\"><a href=\"/Corps/Accessoires-de-beaute/Gants-de-toilette\" class=\"block w-full h-full\" data-behaviour=\"utag-link-event\" data-initialized=\"true\">Gants de toilette</a></li><li class=\"flex py-4 lg:block block\" key=\"836\"><a href=\"/Corps/Accessoires-de-beaute/Gants-exfoliants\" class=\"block w-full h-full\" data-behaviour=\"utag-link-event\" data-initialized=\"true\">Gants exfoliants</a></li></ul><li class=\"flex py-4 pr-4 justify-between lg:block block\"><span>Protection soilaire</span>\n                <img src=\"/images/arrow-down.svg\" alt=\"Pfeil nach unten\"></li>\n            <ul class=\"hidden bg-white divide-y divide-mediumgray list-outside *:pl-4\" data-behaviour=\"navigationMenuDropdown-selector\" data-initialized=\"true\"><li class=\"flex py-4\"><a href=\"/Corps/Protection-soilaire\" class=\"block w-full h-full\" data-behaviour=\"utag-link-event\" data-initialized=\"true\">Tout afficher</a></li><li class=\"flex py-4 lg:block block\" key=\"869\"><a href=\"/Corps/Protection-soilaire/Cremes-apres-soleil\" class=\"block w-full h-full\" data-behaviour=\"utag-link-event\" data-initialized=\"true\">Crèmes après soleil</a></li><li class=\"flex py-4 lg:block block\" key=\"870\"><a href=\"/Corps/Protection-soilaire/Autobronzants\" class=\"block w-full h-full\" data-behaviour=\"utag-link-event\" data-initialized=\"true\">Autobronzants</a></li><li class=\"flex py-4 lg:block block\" key=\"868\"><a href=\"/Corps/Protection-soilaire/Cremes-solaires\" class=\"block w-full h-full\" data-behaviour=\"utag-link-event\" data-initialized=\"true\">Crèmes solaires</a></li></ul><li class=\"flex py-4 pr-4 justify-between lg:block block\"><span>Épilation</span>\n                <img src=\"/images/arrow-down.svg\" alt=\"Pfeil nach unten\"></li>\n            <ul class=\"hidden bg-white divide-y divide-mediumgray list-outside *:pl-4\" data-behaviour=\"navigationMenuDropdown-selector\" data-initialized=\"true\"><li class=\"flex py-4\"><a href=\"/Corps/Epilation\" class=\"block w-full h-full\" data-behaviour=\"utag-link-event\" data-initialized=\"true\">Tout afficher</a></li><li class=\"flex py-4 lg:block block\" key=\"975\"><a href=\"/Corps/Epilation/Cire-froide-et-chaude\" class=\"block w-full h-full\" data-behaviour=\"utag-link-event\" data-initialized=\"true\">Cire froide et chaude</a></li><li class=\"flex py-4 lg:block block\" key=\"848\"><a href=\"/Corps/Epilation/Rasoirs\" class=\"block w-full h-full\" data-behaviour=\"utag-link-event\" data-initialized=\"true\">Rasoirs</a></li><li class=\"flex py-4 lg:block block\" key=\"849\"><a href=\"/Corps/Epilation/Produits-de-rasage\" class=\"block w-full h-full\" data-behaviour=\"utag-link-event\" data-initialized=\"true\">Produits de rasage</a></li><li class=\"flex py-4 lg:block block\" key=\"976\"><a href=\"/Corps/Epilation/Creme-depilatoire\" class=\"block w-full h-full\" data-behaviour=\"utag-link-event\" data-initialized=\"true\">Crème dépilatoire</a></li></ul><li class=\"flex py-4 pr-4 justify-between lg:block block\"><span>Bain</span>\n                <img src=\"/images/arrow-down.svg\" alt=\"Pfeil nach unten\"></li>\n            <ul class=\"hidden bg-white divide-y divide-mediumgray list-outside *:pl-4\" data-behaviour=\"navigationMenuDropdown-selector\" data-initialized=\"true\"><li class=\"flex py-4\"><a href=\"/Corps/Bain\" class=\"block w-full h-full\" data-behaviour=\"utag-link-event\" data-initialized=\"true\">Tout afficher</a></li><li class=\"flex py-4 lg:block block\" key=\"824\"><a href=\"/Corps/Bain/Accessoires-de-bain\" class=\"block w-full h-full\" data-behaviour=\"utag-link-event\" data-initialized=\"true\">Accessoires de bain</a></li><li class=\"flex py-4 lg:block block\" key=\"823\"><a href=\"/Corps/Bain/Peignoirs-de-bain\" class=\"block w-full h-full\" data-behaviour=\"utag-link-event\" data-initialized=\"true\">Peignoirs de bain</a></li><li class=\"flex py-4 lg:block block\" key=\"825\"><a href=\"/Corps/Bain/Serviettes-de-toilette\" class=\"block w-full h-full\" data-behaviour=\"utag-link-event\" data-initialized=\"true\">Serviettes de toilette</a></li><li class=\"flex py-4 lg:block block\" key=\"826\"><a href=\"/Corps/Bain/Trousses-de-toilette\" class=\"block w-full h-full\" data-behaviour=\"utag-link-event\" data-initialized=\"true\">Trousses de toilette</a></li></ul></ul><li class=\"flex py-4 pr-4 justify-between lg:block block\"><span>Soins hommes</span>\n                <img src=\"/images/arrow-down.svg\" alt=\"Pfeil nach unten\"></li>\n            <ul class=\"hidden bg-white divide-y divide-mediumgray list-outside *:pl-4\" data-behaviour=\"navigationMenuDropdown-selector\" data-initialized=\"true\"><li class=\"flex py-4\"><a href=\"/Soins-hommes\" class=\"block w-full h-full\" data-behaviour=\"utag-link-event\" data-props=\"{&quot;content_id&quot;:&quot;Homepage&quot;,&quot;interaction_element&quot;:&quot;Soins hommes&quot;,&quot;interaction_object&quot;:&quot;homepage.navigation.Soins_hommes&quot;,&quot;interaction_position&quot;:&quot;P0-9&quot;,&quot;interaction_type&quot;:&quot;click&quot;,&quot;interaction_component_name&quot;:null,&quot;interaction_type_parent&quot;:&quot;Navigation&quot;,&quot;interaction_type_detail&quot;:&quot;Main Navigation&quot;,&quot;interaction_page_position&quot;:&quot;P0&quot;,&quot;interaction_click&quot;:&quot;click&quot;}\" data-initialized=\"true\">Tout afficher</a></li><li class=\"flex py-4 pr-4 justify-between lg:block block\"><span>Soins visage</span>\n                <img src=\"/images/arrow-down.svg\" alt=\"Pfeil nach unten\"></li>\n            <ul class=\"hidden bg-white divide-y divide-mediumgray list-outside *:pl-4\" data-behaviour=\"navigationMenuDropdown-selector\" data-initialized=\"true\"><li class=\"flex py-4\"><a href=\"/Soins-hommes/Soins-visage\" class=\"block w-full h-full\" data-behaviour=\"utag-link-event\" data-initialized=\"true\">Tout afficher</a></li><li class=\"flex py-4 lg:block block\" key=\"940\"><a href=\"/Soins-hommes/Soins-visage/Soins-anti-age\" class=\"block w-full h-full\" data-behaviour=\"utag-link-event\" data-initialized=\"true\">Soins anti-âge</a></li><li class=\"flex py-4 lg:block block\" key=\"939\"><a href=\"/Soins-hommes/Soins-visage/Cremes-visage\" class=\"block w-full h-full\" data-behaviour=\"utag-link-event\" data-initialized=\"true\">Crèmes visage</a></li><li class=\"flex py-4 lg:block block\" key=\"941\"><a href=\"/Soins-hommes/Soins-visage/Nettoyants-visage\" class=\"block w-full h-full\" data-behaviour=\"utag-link-event\" data-initialized=\"true\">Nettoyants visage</a></li><li class=\"flex py-4 lg:block block\" key=\"943\"><a href=\"/Soins-hommes/Soins-visage/Serums-visage\" class=\"block w-full h-full\" data-behaviour=\"utag-link-event\" data-initialized=\"true\">Sérums visage</a></li><li class=\"flex py-4 lg:block block\" key=\"945\"><a href=\"/Soins-hommes/Soins-visage/Coffrets-soins\" class=\"block w-full h-full\" data-behaviour=\"utag-link-event\" data-initialized=\"true\">Coffrets soins</a></li><li class=\"flex py-4 lg:block block\" key=\"944\"><a href=\"/Soins-hommes/Soins-visage/Gommages-visage\" class=\"block w-full h-full\" data-behaviour=\"utag-link-event\" data-initialized=\"true\">Gommages visage</a></li><li class=\"flex py-4 lg:block block\" key=\"942\"><a href=\"/Soins-hommes/Soins-visage/Masques-visage\" class=\"block w-full h-full\" data-behaviour=\"utag-link-event\" data-initialized=\"true\">Masques visage</a></li></ul><li class=\"flex py-4 pr-4 justify-between lg:block block\"><span>Rasage</span>\n                <img src=\"/images/arrow-down.svg\" alt=\"Pfeil nach unten\"></li>\n            <ul class=\"hidden bg-white divide-y divide-mediumgray list-outside *:pl-4\" data-behaviour=\"navigationMenuDropdown-selector\" data-initialized=\"true\"><li class=\"flex py-4\"><a href=\"/Soins-hommes/Rasage\" class=\"block w-full h-full\" data-behaviour=\"utag-link-event\" data-initialized=\"true\">Tout afficher</a></li><li class=\"flex py-4 lg:block block\" key=\"907\"><a href=\"/Soins-hommes/Rasage/Cremes-a-raser\" class=\"block w-full h-full\" data-behaviour=\"utag-link-event\" data-initialized=\"true\">Crèmes à raser</a></li><li class=\"flex py-4 lg:block block\" key=\"910\"><a href=\"/Soins-hommes/Rasage/Rasoirs-peau-humide\" class=\"block w-full h-full\" data-behaviour=\"utag-link-event\" data-initialized=\"true\">Rasoirs peau humide</a></li><li class=\"flex py-4 lg:block block\" key=\"906\"><a href=\"/Soins-hommes/Rasage/Baumes-et-lotions-apres-rasage\" class=\"block w-full h-full\" data-behaviour=\"utag-link-event\" data-initialized=\"true\">Baumes et lotions après-rasage</a></li><li class=\"flex py-4 lg:block block\" key=\"912\"><a href=\"/Soins-hommes/Rasage/Rasoirs-et-tondeuses-electriques\" class=\"block w-full h-full\" data-behaviour=\"utag-link-event\" data-initialized=\"true\">Rasoirs et tondeuses électriques</a></li><li class=\"flex py-4 lg:block block\" key=\"913\"><a href=\"/Soins-hommes/Rasage/Rasoirs-de-surete-et-accessoires\" class=\"block w-full h-full\" data-behaviour=\"utag-link-event\" data-initialized=\"true\">Rasoirs de sûreté et accessoires</a></li><li class=\"flex py-4 lg:block block\" key=\"905\"><a href=\"/Soins-hommes/Rasage/Avant-rasage\" class=\"block w-full h-full\" data-behaviour=\"utag-link-event\" data-initialized=\"true\">Avant-rasage</a></li><li class=\"flex py-4 lg:block block\" key=\"915\"><a href=\"/Soins-hommes/Rasage/Blaireaux-rasage\" class=\"block w-full h-full\" data-behaviour=\"utag-link-event\" data-initialized=\"true\">Blaireaux rasage</a></li><li class=\"flex py-4 lg:block block\" key=\"918\"><a href=\"/Soins-hommes/Rasage/Bols-a-raser\" class=\"block w-full h-full\" data-behaviour=\"utag-link-event\" data-initialized=\"true\">Bols à raser</a></li><li class=\"flex py-4 lg:block block\" key=\"919\"><a href=\"/Soins-hommes/Rasage/Coffrets-rasage-hommes\" class=\"block w-full h-full\" data-behaviour=\"utag-link-event\" data-initialized=\"true\">Coffrets rasage hommes</a></li><li class=\"flex py-4 lg:block block\" key=\"956\"><a href=\"/Soins-hommes/Rasage/Epilation-du-nez\" class=\"block w-full h-full\" data-behaviour=\"utag-link-event\" data-initialized=\"true\">Épilation du nez</a></li><li class=\"flex py-4 lg:block block\" key=\"909\"><a href=\"/Soins-hommes/Rasage/Gels-a-raser\" class=\"block w-full h-full\" data-behaviour=\"utag-link-event\" data-initialized=\"true\">Gels à raser</a></li><li class=\"flex py-4 lg:block block\" key=\"908\"><a href=\"/Soins-hommes/Rasage/Mousses-a-raser\" class=\"block w-full h-full\" data-behaviour=\"utag-link-event\" data-initialized=\"true\">Mousses à raser</a></li><li class=\"flex py-4 lg:block block\" key=\"917\"><a href=\"/Soins-hommes/Rasage/Porte-rasoirs\" class=\"block w-full h-full\" data-behaviour=\"utag-link-event\" data-initialized=\"true\">Porte-rasoirs</a></li><li class=\"flex py-4 lg:block block\" key=\"914\"><a href=\"/Soins-hommes/Rasage/Rasoirs-coupe-choux\" class=\"block w-full h-full\" data-behaviour=\"utag-link-event\" data-initialized=\"true\">Rasoirs coupe-choux</a></li><li class=\"flex py-4 lg:block block\" key=\"911\"><a href=\"/Soins-hommes/Rasage/Rasoirs-hommes\" class=\"block w-full h-full\" data-behaviour=\"utag-link-event\" data-initialized=\"true\">Rasoirs hommes</a></li><li class=\"flex py-4 lg:block block\" key=\"916\"><a href=\"/Soins-hommes/Rasage/Savons-a-barbe\" class=\"block w-full h-full\" data-behaviour=\"utag-link-event\" data-initialized=\"true\">Savons à barbe</a></li></ul><li class=\"flex py-4 pr-4 justify-between lg:block block\"><span>Soins barbe</span>\n                <img src=\"/images/arrow-down.svg\" alt=\"Pfeil nach unten\"></li>\n            <ul class=\"hidden bg-white divide-y divide-mediumgray list-outside *:pl-4\" data-behaviour=\"navigationMenuDropdown-selector\" data-initialized=\"true\"><li class=\"flex py-4\"><a href=\"/Soins-hommes/Soins-barbe\" class=\"block w-full h-full\" data-behaviour=\"utag-link-event\" data-initialized=\"true\">Tout afficher</a></li><li class=\"flex py-4 lg:block block\" key=\"899\"><a href=\"/Soins-hommes/Soins-barbe/Baumes-barbe\" class=\"block w-full h-full\" data-behaviour=\"utag-link-event\" data-initialized=\"true\">Baumes barbe</a></li><li class=\"flex py-4 lg:block block\" key=\"903\"><a href=\"/Soins-hommes/Soins-barbe/Peignes-et-brosses-barbe\" class=\"block w-full h-full\" data-behaviour=\"utag-link-event\" data-initialized=\"true\">Peignes et brosses barbe</a></li><li class=\"flex py-4 lg:block block\" key=\"898\"><a href=\"/Soins-hommes/Soins-barbe/Huiles-barbe\" class=\"block w-full h-full\" data-behaviour=\"utag-link-event\" data-initialized=\"true\">Huiles barbe</a></li><li class=\"flex py-4 lg:block block\" key=\"901\"><a href=\"/Soins-hommes/Soins-barbe/Tondeuses-barbe\" class=\"block w-full h-full\" data-behaviour=\"utag-link-event\" data-initialized=\"true\">Tondeuses barbe</a></li><li class=\"flex py-4 lg:block block\" key=\"900\"><a href=\"/Soins-hommes/Soins-barbe/Savons-et-shampoings-barbe\" class=\"block w-full h-full\" data-behaviour=\"utag-link-event\" data-initialized=\"true\">Savons et shampoings barbe</a></li></ul><li class=\"flex py-4 pr-4 justify-between lg:block block\"><span>Cheveux</span>\n                <img src=\"/images/arrow-down.svg\" alt=\"Pfeil nach unten\"></li>\n            <ul class=\"hidden bg-white divide-y divide-mediumgray list-outside *:pl-4\" data-behaviour=\"navigationMenuDropdown-selector\" data-initialized=\"true\"><li class=\"flex py-4\"><a href=\"/Soins-hommes/Cheveux\" class=\"block w-full h-full\" data-behaviour=\"utag-link-event\" data-initialized=\"true\">Tout afficher</a></li><li class=\"flex py-4 lg:block block\" key=\"920\"><a href=\"/Soins-hommes/Cheveux/Shampoings\" class=\"block w-full h-full\" data-behaviour=\"utag-link-event\" data-initialized=\"true\">Shampoings</a></li><li class=\"flex py-4 lg:block block\" key=\"924\"><a href=\"/Soins-hommes/Cheveux/Pommades-cheveux\" class=\"block w-full h-full\" data-behaviour=\"utag-link-event\" data-initialized=\"true\">Pommades cheveux</a></li><li class=\"flex py-4 lg:block block\" key=\"922\"><a href=\"/Soins-hommes/Cheveux/Produits-coiffants\" class=\"block w-full h-full\" data-behaviour=\"utag-link-event\" data-initialized=\"true\">Produits coiffants</a></li><li class=\"flex py-4 lg:block block\" key=\"928\"><a href=\"/Soins-hommes/Cheveux/Chute-et-pousse-cheveux\" class=\"block w-full h-full\" data-behaviour=\"utag-link-event\" data-initialized=\"true\">Chute et pousse cheveux</a></li><li class=\"flex py-4 lg:block block\" key=\"930\"><a href=\"/Soins-hommes/Cheveux/Brosses-a-cheveux-et-peignes\" class=\"block w-full h-full\" data-behaviour=\"utag-link-event\" data-initialized=\"true\">Brosses à cheveux et peignes</a></li><li class=\"flex py-4 lg:block block\" key=\"926\"><a href=\"/Soins-hommes/Cheveux/Cremes-cheveux\" class=\"block w-full h-full\" data-behaviour=\"utag-link-event\" data-initialized=\"true\">Crèmes cheveux</a></li><li class=\"flex py-4 lg:block block\" key=\"923\"><a href=\"/Soins-hommes/Cheveux/Gels-cheveux\" class=\"block w-full h-full\" data-behaviour=\"utag-link-event\" data-initialized=\"true\">Gels cheveux</a></li><li class=\"flex py-4 lg:block block\" key=\"925\"><a href=\"/Soins-hommes/Cheveux/Pates-cheveux\" class=\"block w-full h-full\" data-behaviour=\"utag-link-event\" data-initialized=\"true\">Pâtes cheveux</a></li><li class=\"flex py-4 lg:block block\" key=\"921\"><a href=\"/Soins-hommes/Cheveux/Soins-cheveux\" class=\"block w-full h-full\" data-behaviour=\"utag-link-event\" data-initialized=\"true\">Soins cheveux</a></li><li class=\"flex py-4 lg:block block\" key=\"929\"><a href=\"/Soins-hommes/Cheveux/Tondeuses-cheveux\" class=\"block w-full h-full\" data-behaviour=\"utag-link-event\" data-initialized=\"true\">Tondeuses cheveux</a></li></ul><li class=\"flex py-4 pr-4 justify-between lg:block block\"><span>Soins corps</span>\n                <img src=\"/images/arrow-down.svg\" alt=\"Pfeil nach unten\"></li>\n            <ul class=\"hidden bg-white divide-y divide-mediumgray list-outside *:pl-4\" data-behaviour=\"navigationMenuDropdown-selector\" data-initialized=\"true\"><li class=\"flex py-4\"><a href=\"/Soins-hommes/Soins-corps\" class=\"block w-full h-full\" data-behaviour=\"utag-link-event\" data-initialized=\"true\">Tout afficher</a></li><li class=\"flex py-4 lg:block block\" key=\"932\"><a href=\"/Soins-hommes/Soins-corps/Cremes-corps\" class=\"block w-full h-full\" data-behaviour=\"utag-link-event\" data-initialized=\"true\">Crèmes corps</a></li><li class=\"flex py-4 lg:block block\" key=\"934\"><a href=\"/Soins-hommes/Soins-corps/Deodorants-et-anti-transpirants\" class=\"block w-full h-full\" data-behaviour=\"utag-link-event\" data-initialized=\"true\">Déodorants et anti-transpirants</a></li><li class=\"flex py-4 lg:block block\" key=\"935\"><a href=\"/Soins-hommes/Soins-corps/Gels-douche\" class=\"block w-full h-full\" data-behaviour=\"utag-link-event\" data-initialized=\"true\">Gels douche</a></li><li class=\"flex py-4 lg:block block\" key=\"933\"><a href=\"/Soins-hommes/Soins-corps/Hygiene-et-gommages-corps\" class=\"block w-full h-full\" data-behaviour=\"utag-link-event\" data-initialized=\"true\">Hygiène et gommages corps</a></li><li class=\"flex py-4 lg:block block\" key=\"936\"><a href=\"/Soins-hommes/Soins-corps/Savons\" class=\"block w-full h-full\" data-behaviour=\"utag-link-event\" data-initialized=\"true\">Savons</a></li><li class=\"flex py-4 lg:block block\" key=\"937\"><a href=\"/Soins-hommes/Soins-corps/Hygiene-intime\" class=\"block w-full h-full\" data-behaviour=\"utag-link-event\" data-initialized=\"true\">Hygiène intime</a></li></ul></ul><li class=\"flex py-4 pr-4 justify-between lg:block block\"><span>Droguerie</span>\n                <img src=\"/images/arrow-down.svg\" alt=\"Pfeil nach unten\"></li>\n            <ul class=\"hidden bg-white divide-y divide-mediumgray list-outside *:pl-4\" data-behaviour=\"navigationMenuDropdown-selector\" data-initialized=\"true\"><li class=\"flex py-4\"><a href=\"/Droguerie\" class=\"block w-full h-full\" data-behaviour=\"utag-link-event\" data-props=\"{&quot;content_id&quot;:&quot;Homepage&quot;,&quot;interaction_element&quot;:&quot;Droguerie&quot;,&quot;interaction_object&quot;:&quot;homepage.navigation.Droguerie&quot;,&quot;interaction_position&quot;:&quot;P0-10&quot;,&quot;interaction_type&quot;:&quot;click&quot;,&quot;interaction_component_name&quot;:null,&quot;interaction_type_parent&quot;:&quot;Navigation&quot;,&quot;interaction_type_detail&quot;:&quot;Main Navigation&quot;,&quot;interaction_page_position&quot;:&quot;P0&quot;,&quot;interaction_click&quot;:&quot;click&quot;}\" data-initialized=\"true\">Tout afficher</a></li><li class=\"flex py-4 pr-4 justify-between lg:block block\"><span>Soin du visage</span>\n                <img src=\"/images/arrow-down.svg\" alt=\"Pfeil nach unten\"></li>\n            <ul class=\"hidden bg-white divide-y divide-mediumgray list-outside *:pl-4\" data-behaviour=\"navigationMenuDropdown-selector\" data-initialized=\"true\"><li class=\"flex py-4\"><a href=\"/Droguerie/Soin-du-visage\" class=\"block w-full h-full\" data-behaviour=\"utag-link-event\" data-initialized=\"true\">Tout afficher</a></li><li class=\"flex py-4 lg:block block\" key=\"478\"><a href=\"/Droguerie/Soin-du-visage/Anti-age\" class=\"block w-full h-full\" data-behaviour=\"utag-link-event\" data-initialized=\"true\">Anti-âge</a></li><li class=\"flex py-4 lg:block block\" key=\"479\"><a href=\"/Droguerie/Soin-du-visage/Yeux\" class=\"block w-full h-full\" data-behaviour=\"utag-link-event\" data-initialized=\"true\">Yeux</a></li><li class=\"flex py-4 lg:block block\" key=\"480\"><a href=\"/Droguerie/Soin-du-visage/Levres\" class=\"block w-full h-full\" data-behaviour=\"utag-link-event\" data-initialized=\"true\">Lèvres</a></li><li class=\"flex py-4 lg:block block\" key=\"541\"><a href=\"/Droguerie/Soin-du-visage/Soin-de-nuit\" class=\"block w-full h-full\" data-behaviour=\"utag-link-event\" data-initialized=\"true\">Soin de nuit</a></li><li class=\"flex py-4 lg:block block\" key=\"482\"><a href=\"/Droguerie/Soin-du-visage/Soin-de-jour\" class=\"block w-full h-full\" data-behaviour=\"utag-link-event\" data-initialized=\"true\">Soin de jour</a></li><li class=\"flex py-4 lg:block block\" key=\"481\"><a href=\"/Droguerie/Soin-du-visage/Nettoyage\" class=\"block w-full h-full\" data-behaviour=\"utag-link-event\" data-initialized=\"true\">Nettoyage</a></li><li class=\"flex py-4 lg:block block\" key=\"483\"><a href=\"/Droguerie/Soin-du-visage/Raser\" class=\"block w-full h-full\" data-behaviour=\"utag-link-event\" data-initialized=\"true\">Raser</a></li><li class=\"flex py-4 lg:block block\" key=\"484\"><a href=\"/Droguerie/Soin-du-visage/Soin-dentaire\" class=\"block w-full h-full\" data-behaviour=\"utag-link-event\" data-initialized=\"true\">Soin dentaire</a></li><li class=\"flex py-4 lg:block block\" key=\"485\"><a href=\"/Droguerie/Soin-du-visage/Soleil\" class=\"block w-full h-full\" data-behaviour=\"utag-link-event\" data-initialized=\"true\">Soleil</a></li></ul><li class=\"flex py-4 pr-4 justify-between lg:block block\"><span>Cheveux</span>\n                <img src=\"/images/arrow-down.svg\" alt=\"Pfeil nach unten\"></li>\n            <ul class=\"hidden bg-white divide-y divide-mediumgray list-outside *:pl-4\" data-behaviour=\"navigationMenuDropdown-selector\" data-initialized=\"true\"><li class=\"flex py-4\"><a href=\"/Droguerie/Cheveux\" class=\"block w-full h-full\" data-behaviour=\"utag-link-event\" data-initialized=\"true\">Tout afficher</a></li><li class=\"flex py-4 lg:block block\" key=\"494\"><a href=\"/Droguerie/Cheveux/Revitalisant\" class=\"block w-full h-full\" data-behaviour=\"utag-link-event\" data-initialized=\"true\">Revitalisant</a></li><li class=\"flex py-4 lg:block block\" key=\"497\"><a href=\"/Droguerie/Cheveux/Soin-des-cheveux\" class=\"block w-full h-full\" data-behaviour=\"utag-link-event\" data-initialized=\"true\">Soin des cheveux</a></li><li class=\"flex py-4 lg:block block\" key=\"493\"><a href=\"/Droguerie/Cheveux/Shampooing\" class=\"block w-full h-full\" data-behaviour=\"utag-link-event\" data-initialized=\"true\">Shampooing</a></li><li class=\"flex py-4 lg:block block\" key=\"496\"><a href=\"/Droguerie/Cheveux/Couleur-des-cheveux\" class=\"block w-full h-full\" data-behaviour=\"utag-link-event\" data-initialized=\"true\">Couleur des cheveux</a></li><li class=\"flex py-4 lg:block block\" key=\"495\"><a href=\"/Droguerie/Cheveux/Coiffure\" class=\"block w-full h-full\" data-behaviour=\"utag-link-event\" data-initialized=\"true\">Coiffure</a></li></ul><li class=\"flex py-4 pr-4 justify-between lg:block block\"><span>Soin du corps</span>\n                <img src=\"/images/arrow-down.svg\" alt=\"Pfeil nach unten\"></li>\n            <ul class=\"hidden bg-white divide-y divide-mediumgray list-outside *:pl-4\" data-behaviour=\"navigationMenuDropdown-selector\" data-initialized=\"true\"><li class=\"flex py-4\"><a href=\"/Droguerie/Soin-du-corps\" class=\"block w-full h-full\" data-behaviour=\"utag-link-event\" data-initialized=\"true\">Tout afficher</a></li><li class=\"flex py-4 lg:block block\" key=\"491\"><a href=\"/Droguerie/Soin-du-corps/Mains-et-pieds\" class=\"block w-full h-full\" data-behaviour=\"utag-link-event\" data-initialized=\"true\">Mains et pieds</a></li><li class=\"flex py-4 lg:block block\" key=\"488\"><a href=\"/Droguerie/Soin-du-corps/Lotions\" class=\"block w-full h-full\" data-behaviour=\"utag-link-event\" data-initialized=\"true\">Lotions</a></li><li class=\"flex py-4 lg:block block\" key=\"489\"><a href=\"/Droguerie/Soin-du-corps/Huiles\" class=\"block w-full h-full\" data-behaviour=\"utag-link-event\" data-initialized=\"true\">Huiles</a></li><li class=\"flex py-4 lg:block block\" key=\"486\"><a href=\"/Droguerie/Soin-du-corps/Nettoyage\" class=\"block w-full h-full\" data-behaviour=\"utag-link-event\" data-initialized=\"true\">Nettoyage</a></li><li class=\"flex py-4 lg:block block\" key=\"492\"><a href=\"/Droguerie/Soin-du-corps/Soleil\" class=\"block w-full h-full\" data-behaviour=\"utag-link-event\" data-initialized=\"true\">Soleil</a></li><li class=\"flex py-4 lg:block block\" key=\"490\"><a href=\"/Droguerie/Soin-du-corps/Deodorants\" class=\"block w-full h-full\" data-behaviour=\"utag-link-event\" data-initialized=\"true\">Déodorants</a></li><li class=\"flex py-4 lg:block block\" key=\"487\"><a href=\"/Droguerie/Soin-du-corps/Savon\" class=\"block w-full h-full\" data-behaviour=\"utag-link-event\" data-initialized=\"true\">Savon</a></li></ul><li class=\"flex py-4 pr-4 justify-between lg:block block\"><span>Maquillage</span>\n                <img src=\"/images/arrow-down.svg\" alt=\"Pfeil nach unten\"></li>\n            <ul class=\"hidden bg-white divide-y divide-mediumgray list-outside *:pl-4\" data-behaviour=\"navigationMenuDropdown-selector\" data-initialized=\"true\"><li class=\"flex py-4\"><a href=\"/Droguerie/Maquillage\" class=\"block w-full h-full\" data-behaviour=\"utag-link-event\" data-initialized=\"true\">Tout afficher</a></li><li class=\"flex py-4 lg:block block\" key=\"473\"><a href=\"/Droguerie/Maquillage/Yeux\" class=\"block w-full h-full\" data-behaviour=\"utag-link-event\" data-initialized=\"true\">Yeux</a></li><li class=\"flex py-4 lg:block block\" key=\"474\"><a href=\"/Droguerie/Maquillage/Levres\" class=\"block w-full h-full\" data-behaviour=\"utag-link-event\" data-initialized=\"true\">Lèvres</a></li><li class=\"flex py-4 lg:block block\" key=\"475\"><a href=\"/Droguerie/Maquillage/Ongles\" class=\"block w-full h-full\" data-behaviour=\"utag-link-event\" data-initialized=\"true\">Ongles</a></li><li class=\"flex py-4 lg:block block\" key=\"477\"><a href=\"/Droguerie/Maquillage/Pinceau\" class=\"block w-full h-full\" data-behaviour=\"utag-link-event\" data-initialized=\"true\">Pinceau</a></li><li class=\"flex py-4 lg:block block\" key=\"476\"><a href=\"/Droguerie/Maquillage/Maquillage-du-visage\" class=\"block w-full h-full\" data-behaviour=\"utag-link-event\" data-initialized=\"true\">Maquillage du visage</a></li></ul><li class=\"flex py-4 pr-4 justify-between lg:block block\"><span>Parfum</span>\n                <img src=\"/images/arrow-down.svg\" alt=\"Pfeil nach unten\"></li>\n            <ul class=\"hidden bg-white divide-y divide-mediumgray list-outside *:pl-4\" data-behaviour=\"navigationMenuDropdown-selector\" data-initialized=\"true\"><li class=\"flex py-4\"><a href=\"/Droguerie/Parfum\" class=\"block w-full h-full\" data-behaviour=\"utag-link-event\" data-initialized=\"true\">Tout afficher</a></li><li class=\"flex py-4 lg:block block\" key=\"470\"><a href=\"/Droguerie/Parfum/Femmes\" class=\"block w-full h-full\" data-behaviour=\"utag-link-event\" data-initialized=\"true\">Femmes</a></li><li class=\"flex py-4 lg:block block\" key=\"471\"><a href=\"/Droguerie/Parfum/Hommes\" class=\"block w-full h-full\" data-behaviour=\"utag-link-event\" data-initialized=\"true\">Hommes</a></li></ul><li class=\"flex py-4 pr-4 justify-between lg:block block\"><span>Accessoires</span>\n                <img src=\"/images/arrow-down.svg\" alt=\"Pfeil nach unten\"></li>\n            <ul class=\"hidden bg-white divide-y divide-mediumgray list-outside *:pl-4\" data-behaviour=\"navigationMenuDropdown-selector\" data-initialized=\"true\"><li class=\"flex py-4\"><a href=\"/Droguerie/Accessoires\" class=\"block w-full h-full\" data-behaviour=\"utag-link-event\" data-initialized=\"true\">Tout afficher</a></li><li class=\"flex py-4 lg:block block\" key=\"650\"><a href=\"/Droguerie/Accessoires/Autres\" class=\"block w-full h-full\" data-behaviour=\"utag-link-event\" data-initialized=\"true\">Autres</a></li></ul></ul><li class=\"flex py-4 pr-4 justify-between lg:block block\"><span>Nature</span>\n                <img src=\"/images/arrow-down.svg\" alt=\"Pfeil nach unten\"></li>\n            <ul class=\"hidden bg-white divide-y divide-mediumgray list-outside *:pl-4\" data-behaviour=\"navigationMenuDropdown-selector\" data-initialized=\"true\"><li class=\"flex py-4\"><a href=\"/Nature\" class=\"block w-full h-full\" data-behaviour=\"utag-link-event\" data-props=\"{&quot;content_id&quot;:&quot;Homepage&quot;,&quot;interaction_element&quot;:&quot;Nature&quot;,&quot;interaction_object&quot;:&quot;homepage.navigation.Nature&quot;,&quot;interaction_position&quot;:&quot;P0-11&quot;,&quot;interaction_type&quot;:&quot;click&quot;,&quot;interaction_component_name&quot;:null,&quot;interaction_type_parent&quot;:&quot;Navigation&quot;,&quot;interaction_type_detail&quot;:&quot;Main Navigation&quot;,&quot;interaction_page_position&quot;:&quot;P0&quot;,&quot;interaction_click&quot;:&quot;click&quot;}\" data-initialized=\"true\">Tout afficher</a></li><li class=\"flex py-4 pr-4 justify-between lg:block block\"><span>Visage</span>\n                <img src=\"/images/arrow-down.svg\" alt=\"Pfeil nach unten\"></li>\n            <ul class=\"hidden bg-white divide-y divide-mediumgray list-outside *:pl-4\" data-behaviour=\"navigationMenuDropdown-selector\" data-initialized=\"true\"><li class=\"flex py-4\"><a href=\"/Nature/Visage\" class=\"block w-full h-full\" data-behaviour=\"utag-link-event\" data-initialized=\"true\">Tout afficher</a></li><li class=\"flex py-4 lg:block block\" key=\"516\"><a href=\"/Nature/Visage/Soin-du-visage\" class=\"block w-full h-full\" data-behaviour=\"utag-link-event\" data-initialized=\"true\">Soin du visage</a></li><li class=\"flex py-4 lg:block block\" key=\"513\"><a href=\"/Nature/Visage/Soin-pour-les-yeux\" class=\"block w-full h-full\" data-behaviour=\"utag-link-event\" data-initialized=\"true\">Soin pour les yeux</a></li><li class=\"flex py-4 lg:block block\" key=\"515\"><a href=\"/Nature/Visage/Nettoyage\" class=\"block w-full h-full\" data-behaviour=\"utag-link-event\" data-initialized=\"true\">Nettoyage</a></li><li class=\"flex py-4 lg:block block\" key=\"517\"><a href=\"/Nature/Visage/Masques\" class=\"block w-full h-full\" data-behaviour=\"utag-link-event\" data-initialized=\"true\">Masques</a></li><li class=\"flex py-4 lg:block block\" key=\"520\"><a href=\"/Nature/Visage/Hommes\" class=\"block w-full h-full\" data-behaviour=\"utag-link-event\" data-initialized=\"true\">Hommes</a></li><li class=\"flex py-4 lg:block block\" key=\"512\"><a href=\"/Nature/Visage/Anti-age\" class=\"block w-full h-full\" data-behaviour=\"utag-link-event\" data-initialized=\"true\">Anti-âge</a></li><li class=\"flex py-4 lg:block block\" key=\"519\"><a href=\"/Nature/Visage/Creme-solaire\" class=\"block w-full h-full\" data-behaviour=\"utag-link-event\" data-initialized=\"true\">Crème solaire</a></li><li class=\"flex py-4 lg:block block\" key=\"518\"><a href=\"/Nature/Visage/Soin-dentaire\" class=\"block w-full h-full\" data-behaviour=\"utag-link-event\" data-initialized=\"true\">Soin dentaire</a></li><li class=\"flex py-4 lg:block block\" key=\"514\"><a href=\"/Nature/Visage/Soin-des-levres\" class=\"block w-full h-full\" data-behaviour=\"utag-link-event\" data-initialized=\"true\">Soin des lèvres</a></li></ul><li class=\"flex py-4 pr-4 justify-between lg:block block\"><span>Parfum</span>\n                <img src=\"/images/arrow-down.svg\" alt=\"Pfeil nach unten\"></li>\n            <ul class=\"hidden bg-white divide-y divide-mediumgray list-outside *:pl-4\" data-behaviour=\"navigationMenuDropdown-selector\" data-initialized=\"true\"><li class=\"flex py-4\"><a href=\"/Nature/Parfum\" class=\"block w-full h-full\" data-behaviour=\"utag-link-event\" data-initialized=\"true\">Tout afficher</a></li><li class=\"flex py-4 lg:block block\" key=\"505\"><a href=\"/Nature/Parfum/Femmes\" class=\"block w-full h-full\" data-behaviour=\"utag-link-event\" data-initialized=\"true\">Femmes</a></li><li class=\"flex py-4 lg:block block\" key=\"507\"><a href=\"/Nature/Parfum/Unisexe\" class=\"block w-full h-full\" data-behaviour=\"utag-link-event\" data-initialized=\"true\">Unisexe</a></li></ul><li class=\"flex py-4 pr-4 justify-between lg:block block\"><span>Maquillage</span>\n                <img src=\"/images/arrow-down.svg\" alt=\"Pfeil nach unten\"></li>\n            <ul class=\"hidden bg-white divide-y divide-mediumgray list-outside *:pl-4\" data-behaviour=\"navigationMenuDropdown-selector\" data-initialized=\"true\"><li class=\"flex py-4\"><a href=\"/Nature/Maquillage\" class=\"block w-full h-full\" data-behaviour=\"utag-link-event\" data-initialized=\"true\">Tout afficher</a></li><li class=\"flex py-4 lg:block block\" key=\"508\"><a href=\"/Nature/Maquillage/Yeux\" class=\"block w-full h-full\" data-behaviour=\"utag-link-event\" data-initialized=\"true\">Yeux</a></li><li class=\"flex py-4 lg:block block\" key=\"509\"><a href=\"/Nature/Maquillage/Levres\" class=\"block w-full h-full\" data-behaviour=\"utag-link-event\" data-initialized=\"true\">Lèvres</a></li><li class=\"flex py-4 lg:block block\" key=\"510\"><a href=\"/Nature/Maquillage/Ongles\" class=\"block w-full h-full\" data-behaviour=\"utag-link-event\" data-initialized=\"true\">Ongles</a></li><li class=\"flex py-4 lg:block block\" key=\"511\"><a href=\"/Nature/Maquillage/Maquillage-du-visage\" class=\"block w-full h-full\" data-behaviour=\"utag-link-event\" data-initialized=\"true\">Maquillage du visage</a></li></ul><li class=\"flex py-4 pr-4 justify-between lg:block block\"><span>Corps</span>\n                <img src=\"/images/arrow-down.svg\" alt=\"Pfeil nach unten\"></li>\n            <ul class=\"hidden bg-white divide-y divide-mediumgray list-outside *:pl-4\" data-behaviour=\"navigationMenuDropdown-selector\" data-initialized=\"true\"><li class=\"flex py-4\"><a href=\"/Nature/Corps\" class=\"block w-full h-full\" data-behaviour=\"utag-link-event\" data-initialized=\"true\">Tout afficher</a></li><li class=\"flex py-4 lg:block block\" key=\"522\"><a href=\"/Nature/Corps/Soin-du-corps\" class=\"block w-full h-full\" data-behaviour=\"utag-link-event\" data-initialized=\"true\">Soin du corps</a></li><li class=\"flex py-4 lg:block block\" key=\"521\"><a href=\"/Nature/Corps/Nettoyage\" class=\"block w-full h-full\" data-behaviour=\"utag-link-event\" data-initialized=\"true\">Nettoyage</a></li><li class=\"flex py-4 lg:block block\" key=\"526\"><a href=\"/Nature/Corps/Creme-solaire\" class=\"block w-full h-full\" data-behaviour=\"utag-link-event\" data-initialized=\"true\">Crème solaire</a></li><li class=\"flex py-4 lg:block block\" key=\"524\"><a href=\"/Nature/Corps/Mains-et-pieds\" class=\"block w-full h-full\" data-behaviour=\"utag-link-event\" data-initialized=\"true\">Mains et pieds</a></li><li class=\"flex py-4 lg:block block\" key=\"525\"><a href=\"/Nature/Corps/Hommes\" class=\"block w-full h-full\" data-behaviour=\"utag-link-event\" data-initialized=\"true\">Hommes</a></li><li class=\"flex py-4 lg:block block\" key=\"523\"><a href=\"/Nature/Corps/Soin-pour-la-grossesse-bebe\" class=\"block w-full h-full\" data-behaviour=\"utag-link-event\" data-initialized=\"true\">Soin pour la grossesse &amp; bébé</a></li></ul><li class=\"flex py-4 pr-4 justify-between lg:block block\"><span>Cheveux</span>\n                <img src=\"/images/arrow-down.svg\" alt=\"Pfeil nach unten\"></li>\n            <ul class=\"hidden bg-white divide-y divide-mediumgray list-outside *:pl-4\" data-behaviour=\"navigationMenuDropdown-selector\" data-initialized=\"true\"><li class=\"flex py-4\"><a href=\"/Nature/Cheveux\" class=\"block w-full h-full\" data-behaviour=\"utag-link-event\" data-initialized=\"true\">Tout afficher</a></li><li class=\"flex py-4 lg:block block\" key=\"545\"><a href=\"/Nature/Cheveux/Coloration\" class=\"block w-full h-full\" data-behaviour=\"utag-link-event\" data-initialized=\"true\">Coloration</a></li><li class=\"flex py-4 lg:block block\" key=\"528\"><a href=\"/Nature/Cheveux/Revitalisant\" class=\"block w-full h-full\" data-behaviour=\"utag-link-event\" data-initialized=\"true\">Revitalisant</a></li><li class=\"flex py-4 lg:block block\" key=\"530\"><a href=\"/Nature/Cheveux/Soin-des-cheveux\" class=\"block w-full h-full\" data-behaviour=\"utag-link-event\" data-initialized=\"true\">Soin des cheveux</a></li><li class=\"flex py-4 lg:block block\" key=\"527\"><a href=\"/Nature/Cheveux/Shampooing\" class=\"block w-full h-full\" data-behaviour=\"utag-link-event\" data-initialized=\"true\">Shampooing</a></li><li class=\"flex py-4 lg:block block\" key=\"529\"><a href=\"/Nature/Cheveux/Coiffure\" class=\"block w-full h-full\" data-behaviour=\"utag-link-event\" data-initialized=\"true\">Coiffure</a></li></ul><li class=\"flex py-4 pr-4 justify-between lg:block block\"><span>Cosmétiques naturels certifiés</span>\n                <img src=\"/images/arrow-down.svg\" alt=\"Pfeil nach unten\"></li>\n            <ul class=\"hidden bg-white divide-y divide-mediumgray list-outside *:pl-4\" data-behaviour=\"navigationMenuDropdown-selector\" data-initialized=\"true\"><li class=\"flex py-4\"><a href=\"/Nature/Cosmetiques-naturels-certifies\" class=\"block w-full h-full\" data-behaviour=\"utag-link-event\" data-initialized=\"true\">Tout afficher</a></li><li class=\"flex py-4 lg:block block\" key=\"1073\"><a href=\"/Nature/Cosmetiques-naturels-certifies/MADARA\" class=\"block w-full h-full\" data-behaviour=\"utag-link-event\" data-initialized=\"true\">MÁDARA</a></li><li class=\"flex py-4 lg:block block\" key=\"532\"><a href=\"/Nature/Cosmetiques-naturels-certifies/Dr-Hauschka\" class=\"block w-full h-full\" data-behaviour=\"utag-link-event\" data-initialized=\"true\">Dr. Hauschka</a></li><li class=\"flex py-4 lg:block block\" key=\"663\"><a href=\"/Nature/Cosmetiques-naturels-certifies/Hej-Organic\" class=\"block w-full h-full\" data-behaviour=\"utag-link-event\" data-initialized=\"true\">Hej Organic</a></li><li class=\"flex py-4 lg:block block\" key=\"534\"><a href=\"/Nature/Cosmetiques-naturels-certifies/Heliotrop\" class=\"block w-full h-full\" data-behaviour=\"utag-link-event\" data-initialized=\"true\">Heliotrop</a></li><li class=\"flex py-4 lg:block block\" key=\"535\"><a href=\"/Nature/Cosmetiques-naturels-certifies/Lavera\" class=\"block w-full h-full\" data-behaviour=\"utag-link-event\" data-initialized=\"true\">Lavera</a></li><li class=\"flex py-4 lg:block block\" key=\"536\"><a href=\"/Nature/Cosmetiques-naturels-certifies/Logona\" class=\"block w-full h-full\" data-behaviour=\"utag-link-event\" data-initialized=\"true\">Logona</a></li><li class=\"flex py-4 lg:block block\" key=\"537\"><a href=\"/Nature/Cosmetiques-naturels-certifies/Primavera\" class=\"block w-full h-full\" data-behaviour=\"utag-link-event\" data-initialized=\"true\">Primavera</a></li><li class=\"flex py-4 lg:block block\" key=\"558\"><a href=\"/Nature/Cosmetiques-naturels-certifies/Santaverde\" class=\"block w-full h-full\" data-behaviour=\"utag-link-event\" data-initialized=\"true\">Santaverde</a></li><li class=\"flex py-4 lg:block block\" key=\"538\"><a href=\"/Nature/Cosmetiques-naturels-certifies/Sante-Naturkosmetik\" class=\"block w-full h-full\" data-behaviour=\"utag-link-event\" data-initialized=\"true\">Sante Naturkosmetik</a></li><li class=\"flex py-4 lg:block block\" key=\"542\"><a href=\"/Nature/Cosmetiques-naturels-certifies/Tautropfen\" class=\"block w-full h-full\" data-behaviour=\"utag-link-event\" data-initialized=\"true\">Tautropfen</a></li><li class=\"flex py-4 lg:block block\" key=\"637\"><a href=\"/Nature/Cosmetiques-naturels-certifies/We-Love-The-Planet\" class=\"block w-full h-full\" data-behaviour=\"utag-link-event\" data-initialized=\"true\">We Love The Planet</a></li><li class=\"flex py-4 lg:block block\" key=\"539\"><a href=\"/Nature/Cosmetiques-naturels-certifies/Weleda\" class=\"block w-full h-full\" data-behaviour=\"utag-link-event\" data-initialized=\"true\">Weleda</a></li><li class=\"flex py-4 lg:block block\" key=\"540\"><a href=\"/Nature/Cosmetiques-naturels-certifies/Cattier\" class=\"block w-full h-full\" data-behaviour=\"utag-link-event\" data-initialized=\"true\">Cattier</a></li><li class=\"flex py-4 lg:block block\" key=\"543\"><a href=\"/Nature/Cosmetiques-naturels-certifies/GGs-True-Organics\" class=\"block w-full h-full\" data-behaviour=\"utag-link-event\" data-initialized=\"true\">GG's True Organics</a></li><li class=\"flex py-4 lg:block block\" key=\"550\"><a href=\"/Nature/Cosmetiques-naturels-certifies/zao\" class=\"block w-full h-full\" data-behaviour=\"utag-link-event\" data-initialized=\"true\">zao</a></li></ul></ul><li class=\"flex py-4 pr-4 justify-between lg:block block\"><span>Santé</span>\n                <img src=\"/images/arrow-down.svg\" alt=\"Pfeil nach unten\"></li>\n            <ul class=\"hidden bg-white divide-y divide-mediumgray list-outside *:pl-4\" data-behaviour=\"navigationMenuDropdown-selector\" data-initialized=\"true\"><li class=\"flex py-4\"><a href=\"/Sante\" class=\"block w-full h-full\" data-behaviour=\"utag-link-event\" data-props=\"{&quot;content_id&quot;:&quot;Homepage&quot;,&quot;interaction_element&quot;:&quot;Sant\\u00E9&quot;,&quot;interaction_object&quot;:&quot;homepage.navigation.Sant\\u00E9&quot;,&quot;interaction_position&quot;:&quot;P0-12&quot;,&quot;interaction_type&quot;:&quot;click&quot;,&quot;interaction_component_name&quot;:null,&quot;interaction_type_parent&quot;:&quot;Navigation&quot;,&quot;interaction_type_detail&quot;:&quot;Main Navigation&quot;,&quot;interaction_page_position&quot;:&quot;P0&quot;,&quot;interaction_click&quot;:&quot;click&quot;}\" data-initialized=\"true\">Tout afficher</a></li><li class=\"flex py-4 pr-4 justify-between lg:block block\"><span>Pansements et Soin des plaies</span>\n                <img src=\"/images/arrow-down.svg\" alt=\"Pfeil nach unten\"></li>\n            <ul class=\"hidden bg-white divide-y divide-mediumgray list-outside *:pl-4\" data-behaviour=\"navigationMenuDropdown-selector\" data-initialized=\"true\"><li class=\"flex py-4\"><a href=\"/Sante/Pansements-et-Soin-des-plaies\" class=\"block w-full h-full\" data-behaviour=\"utag-link-event\" data-initialized=\"true\">Tout afficher</a></li><li class=\"flex py-4 lg:block block\" key=\"672\"><a href=\"/Sante/Pansements-et-Soin-des-plaies/Cicatrisation\" class=\"block w-full h-full\" data-behaviour=\"utag-link-event\" data-initialized=\"true\">Cicatrisation</a></li><li class=\"flex py-4 lg:block block\" key=\"673\"><a href=\"/Sante/Pansements-et-Soin-des-plaies/Sparadraps\" class=\"block w-full h-full\" data-behaviour=\"utag-link-event\" data-initialized=\"true\">Sparadraps</a></li><li class=\"flex py-4 lg:block block\" key=\"675\"><a href=\"/Sante/Pansements-et-Soin-des-plaies/Soin-des-plaies\" class=\"block w-full h-full\" data-behaviour=\"utag-link-event\" data-initialized=\"true\">Soin des plaies</a></li><li class=\"flex py-4 lg:block block\" key=\"630\"><a href=\"/Sante/Pansements-et-Soin-des-plaies/Compression\" class=\"block w-full h-full\" data-behaviour=\"utag-link-event\" data-initialized=\"true\">Compression</a></li></ul><li class=\"flex py-4 pr-4 justify-between lg:block block\"><span>Sex-toys</span>\n                <img src=\"/images/arrow-down.svg\" alt=\"Pfeil nach unten\"></li>\n            <ul class=\"hidden bg-white divide-y divide-mediumgray list-outside *:pl-4\" data-behaviour=\"navigationMenuDropdown-selector\" data-initialized=\"true\"><li class=\"flex py-4\"><a href=\"/Sante/Sex-toys\" class=\"block w-full h-full\" data-behaviour=\"utag-link-event\" data-initialized=\"true\">Tout afficher</a></li><li class=\"flex py-4 lg:block block\" key=\"622\"><a href=\"/Sante/Sex-toys/Preservatifs\" class=\"block w-full h-full\" data-behaviour=\"utag-link-event\" data-initialized=\"true\">Préservatifs</a></li><li class=\"flex py-4 lg:block block\" key=\"623\"><a href=\"/Sante/Sex-toys/Vibromasseurs\" class=\"block w-full h-full\" data-behaviour=\"utag-link-event\" data-initialized=\"true\">Vibromasseurs</a></li></ul><li class=\"flex py-4 pr-4 justify-between lg:block block\"><span>Aromathérapie</span>\n                <img src=\"/images/arrow-down.svg\" alt=\"Pfeil nach unten\"></li>\n            <ul class=\"hidden bg-white divide-y divide-mediumgray list-outside *:pl-4\" data-behaviour=\"navigationMenuDropdown-selector\" data-initialized=\"true\"><li class=\"flex py-4\"><a href=\"/Sante/Aromatherapie\" class=\"block w-full h-full\" data-behaviour=\"utag-link-event\" data-initialized=\"true\">Tout afficher</a></li><li class=\"flex py-4 lg:block block\" key=\"660\"><a href=\"/Sante/Aromatherapie/Huiles-essentielles\" class=\"block w-full h-full\" data-behaviour=\"utag-link-event\" data-initialized=\"true\">Huiles essentielles</a></li><li class=\"flex py-4 lg:block block\" key=\"662\"><a href=\"/Sante/Aromatherapie/Diffuseurs-de-parfum\" class=\"block w-full h-full\" data-behaviour=\"utag-link-event\" data-initialized=\"true\">Diffuseurs de parfum</a></li><li class=\"flex py-4 lg:block block\" key=\"661\"><a href=\"/Sante/Aromatherapie/Melanges-aromatiques\" class=\"block w-full h-full\" data-behaviour=\"utag-link-event\" data-initialized=\"true\">Mélanges aromatiques</a></li></ul><li class=\"flex py-4 pr-4 justify-between lg:block block\"><span>Refroidissement</span>\n                <img src=\"/images/arrow-down.svg\" alt=\"Pfeil nach unten\"></li>\n            <ul class=\"hidden bg-white divide-y divide-mediumgray list-outside *:pl-4\" data-behaviour=\"navigationMenuDropdown-selector\" data-initialized=\"true\"><li class=\"flex py-4\"><a href=\"/Sante/Refroidissement\" class=\"block w-full h-full\" data-behaviour=\"utag-link-event\" data-initialized=\"true\">Tout afficher</a></li><li class=\"flex py-4 lg:block block\" key=\"633\"><a href=\"/Sante/Refroidissement/Cou\" class=\"block w-full h-full\" data-behaviour=\"utag-link-event\" data-initialized=\"true\">Cou</a></li><li class=\"flex py-4 lg:block block\" key=\"592\"><a href=\"/Sante/Refroidissement/Toux\" class=\"block w-full h-full\" data-behaviour=\"utag-link-event\" data-initialized=\"true\">Toux</a></li><li class=\"flex py-4 lg:block block\" key=\"978\"><a href=\"/Sante/Refroidissement/Oreille-front\" class=\"block w-full h-full\" data-behaviour=\"utag-link-event\" data-initialized=\"true\">Oreille &amp; front</a></li><li class=\"flex py-4 lg:block block\" key=\"593\"><a href=\"/Sante/Refroidissement/Rhume\" class=\"block w-full h-full\" data-behaviour=\"utag-link-event\" data-initialized=\"true\">Rhume</a></li></ul><li class=\"flex py-4 pr-4 justify-between lg:block block\"><span>Désinfection</span>\n                <img src=\"/images/arrow-down.svg\" alt=\"Pfeil nach unten\"></li>\n            <ul class=\"hidden bg-white divide-y divide-mediumgray list-outside *:pl-4\" data-behaviour=\"navigationMenuDropdown-selector\" data-initialized=\"true\"><li class=\"flex py-4\"><a href=\"/Sante/Desinfection\" class=\"block w-full h-full\" data-behaviour=\"utag-link-event\" data-initialized=\"true\">Tout afficher</a></li><li class=\"flex py-4 lg:block block\" key=\"676\"><a href=\"/Sante/Desinfection/Masques-de-protection\" class=\"block w-full h-full\" data-behaviour=\"utag-link-event\" data-initialized=\"true\">Masques de protection</a></li><li class=\"flex py-4 lg:block block\" key=\"628\"><a href=\"/Sante/Desinfection/Gel-desinfectant\" class=\"block w-full h-full\" data-behaviour=\"utag-link-event\" data-initialized=\"true\">Gel désinfectant</a></li><li class=\"flex py-4 lg:block block\" key=\"626\"><a href=\"/Sante/Desinfection/Spray-desinfectant\" class=\"block w-full h-full\" data-behaviour=\"utag-link-event\" data-initialized=\"true\">Spray désinfectant</a></li></ul><li class=\"flex py-4 pr-4 justify-between lg:block block\"><span>Bien-être et raffermissement</span>\n                <img src=\"/images/arrow-down.svg\" alt=\"Pfeil nach unten\"></li>\n            <ul class=\"hidden bg-white divide-y divide-mediumgray list-outside *:pl-4\" data-behaviour=\"navigationMenuDropdown-selector\" data-initialized=\"true\"><li class=\"flex py-4\"><a href=\"/Sante/Bien-etre-et-raffermissement\" class=\"block w-full h-full\" data-behaviour=\"utag-link-event\" data-initialized=\"true\">Tout afficher</a></li><li class=\"flex py-4 lg:block block\" key=\"609\"><a href=\"/Sante/Bien-etre-et-raffermissement/Nerfs-et-apaisement\" class=\"block w-full h-full\" data-behaviour=\"utag-link-event\" data-initialized=\"true\">Nerfs et apaisement</a></li><li class=\"flex py-4 lg:block block\" key=\"612\"><a href=\"/Sante/Bien-etre-et-raffermissement/Systeme-cardio-vasculaire\" class=\"block w-full h-full\" data-behaviour=\"utag-link-event\" data-initialized=\"true\">Système cardio-vasculaire</a></li><li class=\"flex py-4 lg:block block\" key=\"608\"><a href=\"/Sante/Bien-etre-et-raffermissement/Muscles-et-articulations\" class=\"block w-full h-full\" data-behaviour=\"utag-link-event\" data-initialized=\"true\">Muscles et articulations</a></li></ul><li class=\"flex py-4 pr-4 justify-between lg:block block\"><span>Hygiène féminine</span>\n                <img src=\"/images/arrow-down.svg\" alt=\"Pfeil nach unten\"></li>\n            <ul class=\"hidden bg-white divide-y divide-mediumgray list-outside *:pl-4\" data-behaviour=\"navigationMenuDropdown-selector\" data-initialized=\"true\"><li class=\"flex py-4\"><a href=\"/Sante/Hygiene-feminine\" class=\"block w-full h-full\" data-behaviour=\"utag-link-event\" data-initialized=\"true\">Tout afficher</a></li><li class=\"flex py-4 lg:block block\" key=\"965\"><a href=\"/Sante/Hygiene-feminine/Sante-feminine\" class=\"block w-full h-full\" data-behaviour=\"utag-link-event\" data-initialized=\"true\">Santé féminine</a></li><li class=\"flex py-4 lg:block block\" key=\"964\"><a href=\"/Sante/Hygiene-feminine/Produits-de-soins-pour-la-grossesse\" class=\"block w-full h-full\" data-behaviour=\"utag-link-event\" data-initialized=\"true\">Produits de soins pour la grossesse</a></li></ul></ul><li class=\"flex py-4 lg:block block\" key=\"0\"><a href=\"/Incentives\" class=\"block w-full h-full\" data-behaviour=\"utag-link-event\" data-props=\"{&quot;content_id&quot;:&quot;Homepage&quot;,&quot;interaction_element&quot;:&quot;Gratuit&quot;,&quot;interaction_object&quot;:&quot;homepage.navigation.Gratuit&quot;,&quot;interaction_position&quot;:&quot;P0-13&quot;,&quot;interaction_type&quot;:&quot;click&quot;,&quot;interaction_component_name&quot;:null,&quot;interaction_type_parent&quot;:&quot;Navigation&quot;,&quot;interaction_type_detail&quot;:&quot;Main Navigation&quot;,&quot;interaction_page_position&quot;:&quot;P0&quot;,&quot;interaction_click&quot;:&quot;click&quot;}\" data-initialized=\"true\">Gratuit</a></li><li class=\"flex py-4 lg:block block\" key=\"0\"><a href=\"/Cadeaux\" class=\"block w-full h-full\" data-behaviour=\"utag-link-event\" data-props=\"{&quot;content_id&quot;:&quot;Homepage&quot;,&quot;interaction_element&quot;:&quot;Coffrets Cadeaux&quot;,&quot;interaction_object&quot;:&quot;homepage.navigation.Coffrets_Cadeaux&quot;,&quot;interaction_position&quot;:&quot;P0-14&quot;,&quot;interaction_type&quot;:&quot;click&quot;,&quot;interaction_component_name&quot;:null,&quot;interaction_type_parent&quot;:&quot;Navigation&quot;,&quot;interaction_type_detail&quot;:&quot;Main Navigation&quot;,&quot;interaction_page_position&quot;:&quot;P0&quot;,&quot;interaction_click&quot;:&quot;click&quot;}\" data-initialized=\"true\">Coffrets Cadeaux</a></li></ul></div>\n            <ul class=\"bg-lightgray divide-y divide-mediumgray list-outside\"><li class=\"flex pl-4 py-4\" data-behaviour=\"navigationMenuToggler\" data-initialized=\"true\"><svg xmlns=\"http://www.w3.org/2000/svg\" class=\"w-6 h-6 pr-1\" viewBox=\"0 0 24 24\"><g transform=\"translate(-3678 318)\"><g transform=\"translate(3678 -294.667)\"><path fill=\"transparent\" d=\"M5.3-13.333H10.7A5.3,5.3,0,0,1,16-8.03a5.3,5.3,0,0,1-.046.7L15.38-3a1.92,1.92,0,0,1-1.9,1.668H2.525A1.92,1.92,0,0,1,.621-3L.047-7.333a5.3,5.3,0,0,1,4.56-5.954A5.3,5.3,0,0,1,5.3-13.333Z\" classname=\"c\"></path><path d=\"M 5.304128646850586 -12.33333015441895 C 5.115689277648926 -12.33333015441895 4.925418853759766 -12.32077980041504 4.738638877868652 -12.2960205078125 C 3.599148750305176 -12.14498043060303 2.586688995361328 -11.55924987792969 1.887768745422363 -10.64673042297363 C 1.188849449157715 -9.734230041503906 0.8871192932128906 -8.604180335998535 1.038168907165527 -7.46474027633667 L 1.612468719482422 -3.132440567016602 C 1.672859191894531 -2.676870346069336 2.064958572387695 -2.333330154418945 2.524538993835449 -2.333330154418945 L 13.47654914855957 -2.333330154418945 C 13.93612861633301 -2.333330154418945 14.32822895050049 -2.676870346069336 14.3886194229126 -3.132440567016602 L 14.96291923522949 -7.464720249176025 C 14.98767852783203 -7.651570320129395 15.00023937225342 -7.841830253601074 15.00023937225342 -8.030210494995117 C 15.00023937225342 -10.4029598236084 13.06979942321777 -12.33333015441895 10.69695854187012 -12.33333015441895 L 5.304128646850586 -12.33333015441895 M 5.304128646850586 -13.33333015441895 L 10.69695854187012 -13.33333015441895 C 13.62587928771973 -13.33333015441895 16.0002384185791 -10.95903968811035 16.0002384185791 -8.030210494995117 C 16.0002384185791 -7.797160148620605 15.9848690032959 -7.56436014175415 15.95424938201904 -7.333330154418945 L 15.37994861602783 -3.001029968261719 C 15.25341892242432 -2.046509742736816 14.43943881988525 -1.333330154418945 13.47654914855957 -1.333330154418945 L 2.524538993835449 -1.333330154418945 C 1.561649322509766 -1.333330154418945 0.7476692199707031 -2.046509742736816 0.6211385726928711 -3.001029968261719 L 0.04683876037597656 -7.333330154418945 C -0.3380517959594727 -10.23677062988281 1.703708648681641 -12.90246963500977 4.607229232788086 -13.28734970092773 C 4.838269233703613 -13.31797027587891 5.07106876373291 -13.33333015441895 5.304128646850586 -13.33333015441895 Z\" classname=\"d\"></path></g><g transform=\"translate(3682 -318)\" classname=\"b\"><path d=\"M4,8A4,4,0,1,0,0,4,4,4,0,0,0,4,8Z\" fill=\"White\"></path><path d=\"M 4 7 C 5.654210090637207 7 7 5.654210090637207 7 4 C 7 2.345789909362793 5.654210090637207 1 4 1 C 2.345789909362793 1 1 2.345789909362793 1 4 C 1 5.654210090637207 2.345789909362793 7 4 7 M 4 8 C 1.790860056877136 8 0 6.209139823913574 0 4 C 0 1.790860056877136 1.790860056877136 0 4 0 C 6.209139823913574 0 8 1.790860056877136 8 4 C 8 6.209139823913574 6.209139823913574 8 4 8 Z\"></path></g></g></svg>\n                    <a href=\"/User/Login\" class=\"block\">Inscription</a></li>\n                <li class=\"flex pl-4 py-4\" data-behaviour=\"navigationMenuToggler\" data-initialized=\"true\"><svg id=\"cartSvg\" xmlns=\"http://www.w3.org/2000/svg\" class=\"w-6 h-6 pr-2\" viewBox=\"0 0 24 24\"><g transform=\"translate(-3688.657 251)\"><g transform=\"translate(3688.657 -246)\"><path fill=\"transparent\" d=\"M4.727,0H17.273A3.794,3.794,0,0,1,21.05,3.488l.937,11.4a3.8,3.8,0,0,1-3.466,4.1Q18.366,19,18.21,19H3.79A3.8,3.8,0,0,1,0,15.2q0-.156.013-.312L.95,3.488A3.794,3.794,0,0,1,4.727,0Z\" classname=\"b\"></path><path d=\"M 4.727230072021484 1 C 4.025470733642578 1 3.354579925537109 1.26262092590332 2.838161468505859 1.739490509033203 C 2.321081161499023 2.216960906982422 2.004489898681641 2.866960525512695 1.946710586547852 3.56974983215332 L 1.009450912475586 14.96977043151855 C 1.003181457519531 15.04598999023438 1 15.12345027923584 1 15.19999980926514 C 1 16.74393081665039 2.251581192016602 18 3.789970397949219 18 L 18.20981979370117 18 C 18.28586959838867 18 18.36296081542969 17.9968204498291 18.43881988525391 17.99056053161621 C 19.97226142883301 17.86380958557129 21.11687088012695 16.50868034362793 20.99034118652344 14.96974945068359 L 20.05309104919434 3.56974983215332 C 19.99530982971191 2.866960525512695 19.67872047424316 2.216960906982422 19.16163063049316 1.739490509033203 C 18.64521026611328 1.26262092590332 17.97433090209961 1 17.2725715637207 1 L 4.727230072021484 1 M 4.727230072021484 0 L 17.2725715637207 0 C 19.24499130249023 0 20.88768005371094 1.51685905456543 21.04973030090332 3.487810134887695 L 21.98698043823242 14.88780975341797 C 22.1589412689209 16.97940063476562 20.60725021362305 18.81473922729492 18.52119064331055 18.98715972900391 C 18.41761016845703 18.9957103729248 18.31373977661133 19 18.20981979370117 19 L 3.789970397949219 19 C 1.696830749511719 19 0 17.29867935180664 0 15.19999980926514 C 0 15.09580039978027 0.004270553588867188 14.99166011810303 0.01280975341796875 14.88780975341797 L 0.9500713348388672 3.487810134887695 C 1.112110137939453 1.51685905456543 2.754800796508789 0 4.727230072021484 0 Z\" classname=\"c\"></path></g><g transform=\"translate(3696.057 -250)\" classname=\"a\"><path d=\"M3.5,0A3.5,3.5,0,0,1,7,3.5V4H0V3.5A3.5,3.5,0,0,1,3.5,0Z\" fill=\"White\"></path><path d=\"M 3.5 0 C 1.566999912261963 0 0 1.566999912261963 0 3.5 L 0 4 L 7 4 L 7 3.5 C 7 1.566999912261963 5.433000087738037 0 3.5 0 M 3.5 -1 C 5.98130989074707 -1 8 1.01869010925293 8 3.5 L 8 4 L 8 5 L 7 5 L 0 5 L -1 5 L -1 4 L -1 3.5 C -1 1.01869010925293 1.01869010925293 -1 3.5 -1 Z\"></path></g></g></svg>\n                    <a href=\"/Order\" class=\"block\">Panier</a></li>\n                <li class=\"flex pl-4 py-4\"><svg class=\"w-6 h-6 pr-2\" viewBox=\"0 0 24 24\" fill=\"transparent\" xmlns=\"http://www.w3.org/2000/svg\"><path d=\"M4.625 19C4.15833 19 3.771 18.846 3.463 18.538C3.15433 18.2293 3 17.8417 3 17.375V6.625C3 6.15833 3.15433 5.771 3.463 5.463C3.771 5.15433 4.15833 5 4.625 5H14.55C14.5333 5.16667 14.5207 5.329 14.512 5.487C14.504 5.64567 14.5083 5.81667 14.525 6H4.3L12 11L15.575 8.675C15.6917 8.79167 15.8127 8.9 15.938 9C16.0627 9.1 16.1917 9.2 16.325 9.3L12 12.125L4 6.875V17.375C4 17.5583 4.05833 17.7083 4.175 17.825C4.29167 17.9417 4.44167 18 4.625 18H19.375C19.5583 18 19.7083 17.9417 19.825 17.825C19.9417 17.7083 20 17.5583 20 17.375V10.15C20.1833 10.1 20.3583 10.0457 20.525 9.987C20.6917 9.929 20.85 9.85833 21 9.775V17.375C21 17.8417 20.846 18.2293 20.538 18.538C20.2293 18.846 19.8417 19 19.375 19H4.625Z\" fill=\"black\"></path><path d=\"M19 8.27499C18.3 8.27499 17.7083 8.02899 17.225 7.53699C16.7417 7.04566 16.5 6.45833 16.5 5.77499C16.5 5.07499 16.7417 4.48333 17.225 3.99999C17.7083 3.51666 18.3 3.27499 19 3.27499C19.7 3.27499 20.2917 3.51666 20.775 3.99999C21.2583 4.48333 21.5 5.07499 21.5 5.77499C21.5 6.45833 21.2583 7.04566 20.775 7.53699C20.2917 8.02899 19.7 8.27499 19 8.27499Z\" fill=\"url(#paint0_linear_3530_19404)\"></path><defs><linearGradient id=\"paint0_linear_3530_19404\" x1=\"21.5\" y1=\"3.27499\" x2=\"16.5\" y2=\"8.27499\" gradientUnits=\"userSpaceOnUse\"><stop stop-color=\"#000000\"></stop><stop offset=\"1\" stop-color=\"#000000\"></stop><stop offset=\"1\" stop-color=\"#000000\"></stop></linearGradient></defs></svg>\n                    <a href=\"/Newsletter\" class=\"block\">Newsletter</a></li><li class=\"cursor-pointer flex pl-4 py-4\"><svg class=\"w-6 h-6 pr-2\" viewBox=\"0 0 24 24\" fill=\"transparent\" xmlns=\"http://www.w3.org/2000/svg\"><g clip-path=\"url(#clip0_721_152)\"><path d=\"M8.25001 21.1073C6.70892 20.2204 5.41633 18.9593 4.49176 17.4405C4.42007 17.3109 4.40132 17.1585 4.43944 17.0153C4.47756 16.8721 4.56959 16.7493 4.69626 16.6724C4.82293 16.5956 4.97443 16.5707 5.11902 16.603C5.26362 16.6353 5.39011 16.7223 5.47201 16.8458C6.31708 18.2474 7.51473 19.4031 8.9456 20.1976C10.3765 20.9921 11.9906 21.3977 13.6271 21.3741C15.2636 21.3504 16.8653 20.8982 18.2726 20.0626C19.6798 19.2271 20.8436 18.0373 21.6477 16.6118C22.4519 15.1863 22.8685 13.575 22.8558 11.9384C22.8432 10.3018 22.4019 8.69704 21.5759 7.28413C20.7498 5.87123 19.5679 4.69949 18.1479 3.8857C16.7279 3.07191 15.1194 2.64449 13.4828 2.64604C12.2185 2.64107 10.9666 2.8942 9.80365 3.38993C8.64067 3.88566 7.59112 4.61355 6.71926 5.52904C6.66726 5.58345 6.60504 5.62709 6.53617 5.65747C6.46731 5.68784 6.39313 5.70435 6.31788 5.70606C6.24263 5.70777 6.16778 5.69463 6.0976 5.66741C6.02743 5.64019 5.9633 5.59942 5.90888 5.54741C5.85447 5.49541 5.81083 5.4332 5.78045 5.36433C5.75008 5.29546 5.73357 5.22128 5.73186 5.14603C5.73016 5.07078 5.74329 4.99593 5.77051 4.92576C5.79773 4.85558 5.83851 4.79145 5.89051 4.73704C7.25176 3.31551 8.98514 2.30521 10.8929 1.82137C12.8007 1.33752 14.8061 1.39963 16.6803 2.0006C18.5544 2.60156 20.222 3.7172 21.4927 5.22023C22.7633 6.72326 23.586 8.55318 23.8668 10.5012C24.1475 12.4493 23.8751 14.437 23.0806 16.2377C22.2861 18.0384 21.0015 19.5795 19.3733 20.6853C17.7452 21.7911 15.839 22.417 13.8722 22.4916C11.9054 22.5662 9.95729 22.0865 8.25001 21.1073ZM10.9643 18.5063V7.92679C10.9667 7.76329 11.0196 7.60454 11.1159 7.47239C11.2122 7.34023 11.3471 7.24116 11.502 7.18879C12.317 6.90584 13.1743 6.76406 14.037 6.76954C14.4453 6.74717 14.8538 6.81133 15.2356 6.95782C15.6174 7.10432 15.9639 7.32983 16.2524 7.61959C16.541 7.90935 16.7651 8.25681 16.91 8.63921C17.0549 9.02161 17.1173 9.43032 17.0933 9.83854V12.4365C17.1172 12.8447 17.0547 13.2533 16.9097 13.6356C16.7648 14.0179 16.5407 14.3653 16.2521 14.655C15.9636 14.9447 15.6171 15.1701 15.2354 15.3166C14.8536 15.463 14.4453 15.5271 14.037 15.5048C13.3601 15.5014 12.695 15.3278 12.1028 15V18.504C12.1028 18.6555 12.0426 18.8008 11.9355 18.9079C11.8284 19.015 11.6831 19.0752 11.5316 19.0752C11.3802 19.0752 11.2349 19.015 11.1278 18.9079C11.0207 18.8008 10.9605 18.6555 10.9605 18.504L10.9643 18.5063ZM12.1065 8.11129V13.7783C12.64 14.2414 13.3313 14.4815 14.037 14.4488C14.2952 14.4713 14.5553 14.4367 14.7987 14.3475C15.0421 14.2584 15.2629 14.1168 15.4455 13.9328C15.6281 13.7488 15.7681 13.527 15.8554 13.2829C15.9428 13.0389 15.9754 12.7786 15.951 12.5205V9.75454C15.9753 9.4965 15.9425 9.23629 15.8551 8.9923C15.7677 8.7483 15.6278 8.52649 15.4452 8.34255C15.2626 8.15861 15.0419 8.01703 14.7985 7.92782C14.5552 7.83861 14.2952 7.80395 14.037 7.82629C13.3818 7.82673 12.7302 7.92274 12.1028 8.11129H12.1065ZM4.38601 14.925C4.01984 15.235 3.56038 15.4132 3.081 15.4314C2.60163 15.4495 2.13 15.3065 1.74143 15.0252C1.35286 14.7439 1.06977 14.3405 0.93737 13.8794C0.80497 13.4183 0.830896 12.9262 1.01101 12.4815C0.614793 12.2355 0.309629 11.867 0.141809 11.4318C-0.0260112 10.9967 -0.04733 10.5187 0.0810867 10.0703C0.209503 9.62197 0.480648 9.22773 0.853389 8.94742C1.22613 8.6671 1.68013 8.516 2.14651 8.51704C2.19826 8.51704 2.24926 8.51704 2.30026 8.52229C2.41562 8.05652 2.68361 7.64279 3.0615 7.34708C3.43939 7.05136 3.90542 6.8907 4.38526 6.8907C4.8651 6.8907 5.33112 7.05136 5.70901 7.34708C6.0869 7.64279 6.3549 8.05652 6.47026 8.52229C6.52126 8.52229 6.57226 8.51704 6.62401 8.51704C7.09026 8.51633 7.54403 8.66766 7.91652 8.9481C8.28901 9.22853 8.55991 9.62278 8.68813 10.0711C8.81636 10.5193 8.79492 10.9972 8.62707 11.4322C8.45922 11.8672 8.15411 12.2356 7.75801 12.4815C7.93736 12.9261 7.96275 13.4179 7.83012 13.8785C7.69749 14.3392 7.41448 14.7422 7.0262 15.0233C6.63791 15.3044 6.1667 15.4475 5.68767 15.4297C5.20864 15.4119 4.74935 15.2342 4.38301 14.925H4.38601ZM4.89001 13.761C4.95743 13.8865 5.05088 13.996 5.16411 14.0824C5.27734 14.1687 5.40772 14.2299 5.54651 14.2618C5.68531 14.2936 5.82931 14.2954 5.96885 14.2671C6.1084 14.2387 6.24028 14.1808 6.35564 14.0974C6.471 14.0139 6.56718 13.9067 6.63773 13.783C6.70828 13.6593 6.75157 13.5219 6.7647 13.3802C6.77782 13.2384 6.76048 13.0954 6.71384 12.9608C6.6672 12.8263 6.59233 12.7033 6.49426 12.6L5.76526 11.8328L6.80776 11.643C6.94742 11.6169 7.0799 11.5613 7.19634 11.4799C7.31279 11.3985 7.41051 11.2931 7.48297 11.1709C7.55544 11.0487 7.60099 10.9125 7.61656 10.7712C7.63214 10.63 7.61739 10.4871 7.5733 10.352C7.52921 10.217 7.4568 10.0929 7.3609 9.98801C7.26501 9.88318 7.14783 9.80002 7.01722 9.7441C6.8866 9.68818 6.74556 9.66079 6.60351 9.66375C6.46146 9.66672 6.32168 9.69997 6.19351 9.76129L5.22901 10.2225L5.37901 9.16504C5.38513 9.12156 5.38814 9.0777 5.38801 9.03379C5.38801 8.76864 5.28268 8.51435 5.09519 8.32686C4.9077 8.13937 4.65341 8.03404 4.38826 8.03404C4.12311 8.03404 3.86882 8.13937 3.68133 8.32686C3.49384 8.51435 3.38851 8.76864 3.38851 9.03379C3.38838 9.07745 3.39139 9.12106 3.39751 9.16429L3.54751 10.2233L2.58301 9.76129C2.44801 9.69642 2.30003 9.66308 2.15026 9.66379C1.90134 9.66358 1.66134 9.75645 1.47739 9.92416C1.29344 10.0919 1.17885 10.3223 1.15611 10.5702C1.13337 10.818 1.20413 11.0655 1.35449 11.2638C1.50486 11.4622 1.72396 11.5972 1.96876 11.6423L3.01426 11.8328L2.27701 12.6C2.10067 12.7846 2.00257 13.0303 2.00326 13.2855C2.0051 13.5065 2.08013 13.7207 2.21661 13.8946C2.35309 14.0684 2.54333 14.1921 2.75758 14.2464C2.97184 14.3006 3.19803 14.2823 3.40079 14.1944C3.60356 14.1064 3.77146 13.9538 3.87826 13.7603L4.38226 12.8333L4.89001 13.761Z\" fill=\"black\"></path></g><defs><clipPath id=\"clip0_721_152\"><rect width=\"24\" height=\"24\" fill=\"white\"></rect></clipPath></defs></svg>\n                        <span data-behaviour=\"premium-dialog-box\" class=\"block\" data-props=\"{&quot;dialogModel&quot;:{&quot;title&quot;:&quot;Vos avantages en tant que membre PREMIUM&quot;,&quot;benefits&quot;:[{&quot;type&quot;:0,&quot;text&quot;:&quot;10\\u00A0% de remise sur les articles&quot;},{&quot;type&quot;:1,&quot;text&quot;:&quot;Livraison express prioritaire&quot;},{&quot;type&quot;:2,&quot;text&quot;:&quot;Livraison gratuite \\u00E0 partir de 20,00 \\u20AC&quot;}],&quot;conditions&quot;:&quot;Valable dans la boutique en ligne parfumdreams.fr. Facile \\u00E0 r\\u00E9silier dans \\u00AB\\u00A0Mon compte\\u00A0\\u00BB. La remise Premium n\\u2019est pas valable sur les cartes-cadeaux. Au terme des 12\\u00A0mois, l\\u2019adh\\u00E9sion est automatiquement prolong\\u00E9e de 12\\u00A0mois suppl\\u00E9mentaires. Si vous ne souhaitez pas renouveler votre abonnement Premium, vous pouvez le r\\u00E9silier dans la rubrique my\\u00A0parfumdreams jusqu\\u2019\\u00E0 14\\u00A0jours avant son expiration. En souscrivant \\u00E0 l\\u2019adh\\u00E9sion Premium, vous acceptez nos CGV.&quot;,&quot;pricePerSubscription&quot;:&quot;9,99\\u00A0\\u20AC pour 12\\u00A0mois*&quot;,&quot;legalInformation&quot;:&quot;*\\u00A0Remise Premium non valable sur les cartes-cadeaux. Profitez de contenus exclusifs et de newsletters Premium.&quot;,&quot;joinNowButton&quot;:&quot;Devenir membre maintenant&quot;},&quot;premiumVariation&quot;:{&quot;idArticle&quot;:107117,&quot;brandLine3Id&quot;:3121,&quot;category3Id&quot;:205,&quot;articleDescription&quot;:&quot;Adh\\u00E9sion Premium&quot;,&quot;additionalDescription&quot;:null,&quot;IsEx_b&quot;:false,&quot;brandLine1&quot;:&quot;parfumdreams&quot;,&quot;brandLine2&quot;:&quot;Accessoires&quot;,&quot;brandLine3&quot;:&quot;Parfumdreams&quot;,&quot;brandLine2Id&quot;:3120,&quot;brandLine1Id&quot;:3119,&quot;category1&quot;:&quot;Accessoires&quot;,&quot;category2&quot;:&quot;Int\\u00E9rieur \\u0026 Style de vie&quot;,&quot;category3&quot;:&quot;Autres&quot;,&quot;category1Id&quot;:139,&quot;category2Id&quot;:195,&quot;itemNumber&quot;:&quot;99999953&quot;,&quot;ean&quot;:&quot;00212287633&quot;,&quot;size&quot;:1,&quot;unit&quot;:&quot;Stk.&quot;,&quot;color&quot;:null,&quot;description&quot;:null,&quot;variationFlags&quot;:1,&quot;defaultProductImageFilename&quot;:null,&quot;quantity&quot;:1,&quot;properties&quot;:null,&quot;customAttributes&quot;:null,&quot;AlternativeDisplayMode_b&quot;:false,&quot;image&quot;:{&quot;name&quot;:null,&quot;url&quot;:&quot;https://cdn2.parfumdreams.de/image/product/107117-167056-0-0.webp&quot;,&quot;width&quot;:0,&quot;height&quot;:0,&quot;position&quot;:0,&quot;referenceId&quot;:0,&quot;link&quot;:null,&quot;alt&quot;:null,&quot;retinaImage&quot;:null},&quot;DaysReleased_i&quot;:1095,&quot;DefaultVariation_b&quot;:false,&quot;id&quot;:167056,&quot;idLanguage&quot;:{&quot;key&quot;:256,&quot;language&quot;:256,&quot;isDefault&quot;:true},&quot;isOffer&quot;:false,&quot;retailPriceTC&quot;:9.99,&quot;rrptc&quot;:0,&quot;pptc&quot;:null,&quot;resultingDiscount&quot;:0,&quot;margin&quot;:0,&quot;virtualAmount&quot;:10000,&quot;salesAmount&quot;:82424,&quot;ratingStars&quot;:3.8,&quot;ratingCount&quot;:5,&quot;RatingStars5Count_i&quot;:3,&quot;RatingStars4Count_i&quot;:0,&quot;RatingStars3Count_i&quot;:1,&quot;RatingStars2Count_i&quot;:0,&quot;RatingStars1Count_i&quot;:1,&quot;labelFlags&quot;:0,&quot;priceDisplayFlags&quot;:0,&quot;allowedPriceDisplayFlags&quot;:29732,&quot;saleWhenDiscountGTE&quot;:0.1,&quot;displayDiscountGTE&quot;:0.2,&quot;fromSalesCampaign&quot;:null,&quot;available&quot;:true,&quot;saleDisplayFlags&quot;:0,&quot;PriceDisplayFlagsArray_ss&quot;:[&quot;None&quot;],&quot;SaleDisplayFlagsArray_ss&quot;:[&quot;Default&quot;],&quot;OrderVariationLabelsArray_ss&quot;:null}}\" data-initialized=\"true\">PREMIUM</span></li><li class=\"flex pl-4 py-4\"><svg class=\"w-6 h-6 pr-2\" viewBox=\"0 0 24 24\" fill=\"transparent\" xmlns=\"http://www.w3.org/2000/svg\"><path fill-rule=\"evenodd\" clip-rule=\"evenodd\" d=\"M12 1.5C6.21 1.5 1.5 6.21 1.5 12C1.5 17.79 6.21 22.5 12 22.5C17.79 22.5 22.5 17.79 22.5 12C22.5 6.21 17.79 1.5 12 1.5ZM12 23.5C5.659 23.5 0.5 18.341 0.5 12C0.5 5.659 5.659 0.5 12 0.5C18.341 0.5 23.5 5.659 23.5 12C23.5 18.341 18.341 23.5 12 23.5Z\" fill=\"black\"></path><path fill-rule=\"evenodd\" clip-rule=\"evenodd\" d=\"M12 16C11.724 16 11.5 15.776 11.5 15.5V14.742C11.5 13.821 11.874 12.919 12.525 12.268L13.768 11.025C14.233 10.56 14.5 9.916 14.5 9.258V8.5C14.5 7.121 13.379 6 12 6C10.621 6 9.5 7.121 9.5 8.5V9.5C9.5 9.776 9.276 10 9 10C8.724 10 8.5 9.776 8.5 9.5V8.5C8.5 6.57 10.07 5 12 5C13.93 5 15.5 6.57 15.5 8.5V9.258C15.5 10.179 15.126 11.081 14.475 11.732L13.232 12.975C12.767 13.44 12.5 14.084 12.5 14.742V15.5C12.5 15.776 12.276 16 12 16Z\" fill=\"black\"></path><path fill-rule=\"evenodd\" clip-rule=\"evenodd\" d=\"M12 19C11.448 19 11 18.552 11 18C11 17.448 11.448 17 12 17C12.552 17 13 17.448 13 18C13 18.552 12.552 19 12 19Z\" fill=\"black\"></path></svg>\n                    <a href=\"/themes-de-laide\" class=\"block\">Aide</a></li></ul></div></div></div>\n                <div class=\"w-[2px] ml-4 h-5 bg-gray-200 lg:hidden\"></div>\n                <a class=\"ml-2\" href=\"/\"><img class=\"max-w-25 lg:max-w-30 xl:max-w-40\" src=\"/images/logo.svg\" alt=\"Parfumdreams\" loading=\"lazy\"></a></div>\n\n            <div class=\"col-start-2 row-start-1 flex gap-1.5 md:gap-3 lg:gap-4 xl:gap-6 justify-self-end\"><div data-behaviour=\"user-bubble\" data-initialized=\"true\"><div class=\"group\"><span><a class=\"flex flex-col items-center xl:flex-row xl:space-x-1\" href=\"/User/Login\"><svg xmlns=\"http://www.w3.org/2000/svg\" class=\"w-5 h-5 sm:w-6 sm:h-6\" viewBox=\"0 0 22 24\"><g transform=\"translate(-3678 318)\"><g transform=\"translate(3678 -294.667)\"><path fill=\"white\" d=\"M5.3-13.333H10.7A5.3,5.3,0,0,1,16-8.03a5.3,5.3,0,0,1-.046.7L15.38-3a1.92,1.92,0,0,1-1.9,1.668H2.525A1.92,1.92,0,0,1,.621-3L.047-7.333a5.3,5.3,0,0,1,4.56-5.954A5.3,5.3,0,0,1,5.3-13.333Z\" class=\"c\"></path><path d=\"M 5.304128646850586 -12.33333015441895 C 5.115689277648926 -12.33333015441895 4.925418853759766 -12.32077980041504 4.738638877868652 -12.2960205078125 C 3.599148750305176 -12.14498043060303 2.586688995361328 -11.55924987792969 1.887768745422363 -10.64673042297363 C 1.188849449157715 -9.734230041503906 0.8871192932128906 -8.604180335998535 1.038168907165527 -7.46474027633667 L 1.612468719482422 -3.132440567016602 C 1.672859191894531 -2.676870346069336 2.064958572387695 -2.333330154418945 2.524538993835449 -2.333330154418945 L 13.47654914855957 -2.333330154418945 C 13.93612861633301 -2.333330154418945 14.32822895050049 -2.676870346069336 14.3886194229126 -3.132440567016602 L 14.96291923522949 -7.464720249176025 C 14.98767852783203 -7.651570320129395 15.00023937225342 -7.841830253601074 15.00023937225342 -8.030210494995117 C 15.00023937225342 -10.4029598236084 13.06979942321777 -12.33333015441895 10.69695854187012 -12.33333015441895 L 5.304128646850586 -12.33333015441895 M 5.304128646850586 -13.33333015441895 L 10.69695854187012 -13.33333015441895 C 13.62587928771973 -13.33333015441895 16.0002384185791 -10.95903968811035 16.0002384185791 -8.030210494995117 C 16.0002384185791 -7.797160148620605 15.9848690032959 -7.56436014175415 15.95424938201904 -7.333330154418945 L 15.37994861602783 -3.001029968261719 C 15.25341892242432 -2.046509742736816 14.43943881988525 -1.333330154418945 13.47654914855957 -1.333330154418945 L 2.524538993835449 -1.333330154418945 C 1.561649322509766 -1.333330154418945 0.7476692199707031 -2.046509742736816 0.6211385726928711 -3.001029968261719 L 0.04683876037597656 -7.333330154418945 C -0.3380517959594727 -10.23677062988281 1.703708648681641 -12.90246963500977 4.607229232788086 -13.28734970092773 C 4.838269233703613 -13.31797027587891 5.07106876373291 -13.33333015441895 5.304128646850586 -13.33333015441895 Z\" class=\"d\"></path></g><g transform=\"translate(3682 -318)\" class=\"b\"><path d=\"M4,8A4,4,0,1,0,0,4,4,4,0,0,0,4,8Z\" fill=\"White\"></path><path d=\"M 4 7 C 5.654210090637207 7 7 5.654210090637207 7 4 C 7 2.345789909362793 5.654210090637207 1 4 1 C 2.345789909362793 1 1 2.345789909362793 1 4 C 1 5.654210090637207 2.345789909362793 7 4 7 M 4 8 C 1.790860056877136 8 0 6.209139823913574 0 4 C 0 1.790860056877136 1.790860056877136 0 4 0 C 6.209139823913574 0 8 1.790860056877136 8 4 C 8 6.209139823913574 6.209139823913574 8 4 8 Z\"></path></g></g></svg><span class=\"whitespace-pre text-2xs xl:text-base\" id=\"userButton\">Inscription</span></a></span><div class=\"absolute hidden group-hover:block p-4 border border-mediumgray bg-white z-20 transform w-80 -translate-x-1/3\"><strong>Tu n'es pas connecté</strong><a class=\"flex h-12 justify-center items-center border border-r-1 border-black mt-4\" href=\"/User/Login\" id=\"loginRegisterButton\">Inscription/Enregistrement</a><ul class=\"mt-4 list-image-[url(/images/check.png)] list-inside\"><li>Produits à prix réduits permanents</li><li>Achats et paiements sécurisés</li><li>4-6 jours ouvrables Délai de livraison</li></ul></div></div></div>\n                <div data-behaviour=\"wishlist\" data-initialized=\"true\"><a class=\"flex flex-col items-center xl:flex-row xl:space-x-2\" href=\"/User/Wishlist\"><img src=\"/images/wishlist.svg\" class=\"w-5 h-5 sm:w-6 sm:h-6\" alt=\"Wishlist\"><span class=\"whitespace-pre text-2xs xl:text-base xl:ml-2\" id=\"wishlist\">Wishlist</span></a></div>\n                <div data-behaviour=\"mini-shopping-cart\" data-initialized=\"true\"><div class=\"group\"><span><a class=\"flex flex-col items-center xl:flex-row\" href=\"/Order\"><svg id=\"cartSvg\" xmlns=\"http://www.w3.org/2000/svg\" class=\"w-5 h-5 sm:w-6 sm:h-6\" viewBox=\"0 0 22 24\"><g transform=\"translate(-3688.657 251)\"><g transform=\"translate(3688.657 -246)\"><path fill=\"White\" d=\"M4.727,0H17.273A3.794,3.794,0,0,1,21.05,3.488l.937,11.4a3.8,3.8,0,0,1-3.466,4.1Q18.366,19,18.21,19H3.79A3.8,3.8,0,0,1,0,15.2q0-.156.013-.312L.95,3.488A3.794,3.794,0,0,1,4.727,0Z\" class=\"b\"></path><path d=\"M 4.727230072021484 1 C 4.025470733642578 1 3.354579925537109 1.26262092590332 2.838161468505859 1.739490509033203 C 2.321081161499023 2.216960906982422 2.004489898681641 2.866960525512695 1.946710586547852 3.56974983215332 L 1.009450912475586 14.96977043151855 C 1.003181457519531 15.04598999023438 1 15.12345027923584 1 15.19999980926514 C 1 16.74393081665039 2.251581192016602 18 3.789970397949219 18 L 18.20981979370117 18 C 18.28586959838867 18 18.36296081542969 17.9968204498291 18.43881988525391 17.99056053161621 C 19.97226142883301 17.86380958557129 21.11687088012695 16.50868034362793 20.99034118652344 14.96974945068359 L 20.05309104919434 3.56974983215332 C 19.99530982971191 2.866960525512695 19.67872047424316 2.216960906982422 19.16163063049316 1.739490509033203 C 18.64521026611328 1.26262092590332 17.97433090209961 1 17.2725715637207 1 L 4.727230072021484 1 M 4.727230072021484 0 L 17.2725715637207 0 C 19.24499130249023 0 20.88768005371094 1.51685905456543 21.04973030090332 3.487810134887695 L 21.98698043823242 14.88780975341797 C 22.1589412689209 16.97940063476562 20.60725021362305 18.81473922729492 18.52119064331055 18.98715972900391 C 18.41761016845703 18.9957103729248 18.31373977661133 19 18.20981979370117 19 L 3.789970397949219 19 C 1.696830749511719 19 0 17.29867935180664 0 15.19999980926514 C 0 15.09580039978027 0.004270553588867188 14.99166011810303 0.01280975341796875 14.88780975341797 L 0.9500713348388672 3.487810134887695 C 1.112110137939453 1.51685905456543 2.754800796508789 0 4.727230072021484 0 Z\" class=\"c\"></path></g><g transform=\"translate(3696.057 -250)\" class=\"a\"><path d=\"M3.5,0A3.5,3.5,0,0,1,7,3.5V4H0V3.5A3.5,3.5,0,0,1,3.5,0Z\" fill=\"White\"></path><path d=\"M 3.5 0 C 1.566999912261963 0 0 1.566999912261963 0 3.5 L 0 4 L 7 4 L 7 3.5 C 7 1.566999912261963 5.433000087738037 0 3.5 0 M 3.5 -1 C 5.98130989074707 -1 8 1.01869010925293 8 3.5 L 8 4 L 8 5 L 7 5 L 0 5 L -1 5 L -1 4 L -1 3.5 C -1 1.01869010925293 1.01869010925293 -1 3.5 -1 Z\"></path></g></g></svg><div class=\"absolute rounded-full bg-pdpink premium:bg-premium w-4.5 h-4.5 text-2xs mb-1.5 ml-4 xl:ml-3 font-bold text-white flex justify-center items-center\">0</div><span class=\"whitespace-pre text-2xs xl:text-base xl:ml-2\" href=\"/Order\" id=\"shoppingCart\">Panier</span></a></span></div></div></div>\n            <div class=\"group bg-white col-span-full row-start-2 justify-self-center w-full lg:row-start-1 lg:w-[30rem] xl:w-162 mr-0 xl:mr-32 relative\r\n                    has-[div.hide-on-load]:absolute has-[div.hide-on-load]:top-0 has-[div.hide-on-load]:left-0 has-[div.hide-on-load]:pt-6 has-[div.hide-on-load]:pl-4 has-[div.hide-on-load]:flex has-[div.hide-on-load]:overscroll-contain\r\n                    lg:has-[div.hide-on-load]:relative lg:has-[div.hide-on-load]:block lg:has-[div.hide-on-load]:pl-0 lg:has-[div.hide-on-load]:pt-0\"><div data-behaviour=\"header-search\" class=\"group-has-[div.hide-on-load]:w-screen lg:w-full lg:group-has-[div.hide-on-load]:w-full\" data-props=\"{&quot;productsHeader&quot;:&quot;Produits&quot;,&quot;searchPlaceholderText&quot;:&quot;Rechercher des articles, des marques, etc.&quot;,&quot;noResultsMessage&quot;:&quot;Votre recherche n\\u0027a renvoy\\u00E9 aucun r\\u00E9sultat&quot;,&quot;noResultsSuggestions&quot;:&quot;Vous pouvez effectuer une recherche par marques, cat\\u00E9gories, produits et articles de blog&quot;,&quot;popularSearches&quot;:&quot;Recherches populaires&quot;}\" data-initialized=\"true\"><div id=\"outer-search-component\"><div class=\"relative autocomplete-component\" id=\"search-component\"><input class=\"h-12 w-full pr-10 pl-3 darkgray-placeholder\" id=\"search-input\" type=\"search\" placeholder=\"Rechercher des articles, des marques, etc.\"><span class=\"absolute inset-y-0 right-3 flex items-center cursor-pointer\"><svg click-target=\"go-to-search-page\" xmlns=\"http://www.w3.org/2000/svg\" width=\"16\" height=\"17.423\" viewBox=\"0 0 16 17.423\"><path d=\"M13.4.945a5.879,5.879,0,0,0,1.54-3.976A5.88,5.88,0,0,0,9.054-8.916,5.88,5.88,0,0,0,3.168-3.03,5.88,5.88,0,0,0,9.054,2.855a5.872,5.872,0,0,0,3.333-1.033L18,8.273a.686.686,0,0,0,.507.234.7.7,0,0,0,.663-.682.629.629,0,0,0-.156-.409ZM4.493-3.03a4.613,4.613,0,0,1,4.56-4.658,4.613,4.613,0,0,1,4.56,4.658,4.613,4.613,0,0,1-4.56,4.658A4.613,4.613,0,0,1,4.493-3.03Z\" transform=\"translate(-3.168 8.916)\"></path></svg></span></div></div></div>\n                <div id=\"cancel-search-bar\" class=\"hidden px-4 text-xs cursor-pointer text-darkgray pt-4 group-has-[div.hide-on-load]:flex lg:hidden lg:group-has-[div.hide-on-load]:hidden\">Interrompre</div></div></div></div>\n\n    <div class=\"hidden bg-white show-in-checkout\"><div class=\"grid grid-rows-[3rem] lg:grid-rows-[6rem] items-center justify-items-center\"><a href=\"/\"><img class=\"max-w-25 lg:max-w-30 xl:max-w-40\" src=\"/images/logo.svg\" alt=\"Parfumdreams\" loading=\"lazy\"></a></div></div>\n\n    <div class=\"hide-in-checkout w-full max-w-screen-xl mx-auto\"><div class=\"mx-4 sm:mx-8 md:mx-12 lg:mx-16\"><div id=\"navSideBar\" class=\"hidden lg:flex flex-row mt-4 w-full overflow-hidden xl:overflow-visible gap-4\"><div id=\"leftArrowNavigationMenu\" class=\"hidden xl:hidden absolute left-14 pt-0.5\" data-behaviour=\"navigationSlider\" data-initialized=\"true\"><svg xmlns=\"http://www.w3.org/2000/svg\" width=\"24\" height=\"24\" viewBox=\"0 0 24 24\" fill=\"none\" class=\"pl-2 bg-white\"><path d=\"M13.65 16.95L9.25002 12.575C9.16669 12.475 9.10836 12.379 9.07502 12.287C9.04169 12.1957 9.02502 12.1 9.02502 12C9.02502 11.9 9.04169 11.804 9.07502 11.712C9.10836 11.6207 9.16669 11.525 9.25002 11.425L13.65 7.05C13.75 6.93333 13.8667 6.875 14 6.875C14.1334 6.875 14.25 6.93333 14.35 7.05C14.4667 7.15 14.525 7.26667 14.525 7.4C14.525 7.53333 14.4667 7.65 14.35 7.75L10.1 12L14.35 16.25C14.4667 16.35 14.525 16.4667 14.525 16.6C14.525 16.7333 14.4667 16.85 14.35 16.95C14.25 17.0667 14.1334 17.125 14 17.125C13.8667 17.125 13.75 17.0667 13.65 16.95Z\" fill=\"#1D1D1F\"></path></svg>\n            <div class=\"w-20 h-6 flex-shrink bg-gradient-to-r from-white\"></div></div><div key=\"0\" class=\"py-1 lg:block block\" data-behaviour=\"utag-link-event\" data-props=\"{&quot;content_id&quot;:&quot;Homepage&quot;,&quot;interaction_element&quot;:&quot;Marques&quot;,&quot;interaction_object&quot;:&quot;homepage.navigation.Marques&quot;,&quot;interaction_position&quot;:&quot;P0-0&quot;,&quot;interaction_type&quot;:&quot;click&quot;,&quot;interaction_component_name&quot;:null,&quot;interaction_type_parent&quot;:&quot;Navigation&quot;,&quot;interaction_type_detail&quot;:&quot;Main Navigation&quot;,&quot;interaction_page_position&quot;:&quot;P0&quot;,&quot;interaction_click&quot;:&quot;click&quot;}\" data-initialized=\"true\"><a href=\"/Toutes-les-marques-de-parfum\" data-behaviour=\"open-flyout\" class=\"whitespace-pre pb-1 hover:border-b-2 hover:border-black \" id=\"category_0\" data-initialized=\"true\">Marques</a></div><div key=\"0\" class=\"py-1 lg:block block\" data-behaviour=\"utag-link-event\" data-props=\"{&quot;content_id&quot;:&quot;Homepage&quot;,&quot;interaction_element&quot;:&quot;Promos&quot;,&quot;interaction_object&quot;:&quot;homepage.navigation.Promos&quot;,&quot;interaction_position&quot;:&quot;P0-1&quot;,&quot;interaction_type&quot;:&quot;click&quot;,&quot;interaction_component_name&quot;:null,&quot;interaction_type_parent&quot;:&quot;Navigation&quot;,&quot;interaction_type_detail&quot;:&quot;Main Navigation&quot;,&quot;interaction_page_position&quot;:&quot;P0&quot;,&quot;interaction_click&quot;:&quot;click&quot;}\" data-initialized=\"true\"><a href=\"/Promotions\" data-behaviour=\"open-flyout\" class=\"whitespace-pre pb-1 hover:border-b-2 text-pdpink premium:text-premium-bright hover:border-pdpink premium:hover:border-premium-bright \" id=\"category_1\" data-initialized=\"true\">Promos</a></div><div key=\"0\" class=\"py-1 lg:block block\" data-behaviour=\"utag-link-event\" data-props=\"{&quot;content_id&quot;:&quot;Homepage&quot;,&quot;interaction_element&quot;:&quot;\\uD83D\\uDC9C F\\u00EAtes des m\\u00E8res&quot;,&quot;interaction_object&quot;:&quot;homepage.navigation.\\uD83D\\uDC9C_F\\u00EAtes_des_m\\u00E8res&quot;,&quot;interaction_position&quot;:&quot;P0-2&quot;,&quot;interaction_type&quot;:&quot;click&quot;,&quot;interaction_component_name&quot;:null,&quot;interaction_type_parent&quot;:&quot;Navigation&quot;,&quot;interaction_type_detail&quot;:&quot;Main Navigation&quot;,&quot;interaction_page_position&quot;:&quot;P0&quot;,&quot;interaction_click&quot;:&quot;click&quot;}\" data-initialized=\"true\"><a href=\"/Fetes-des-meres\" data-behaviour=\"open-flyout\" class=\"whitespace-pre pb-1 hover:border-b-2 hover:border-black \" id=\"category_2\" data-initialized=\"true\">💜 Fêtes des mères</a></div><div key=\"0\" class=\"py-1 lg:block block\" data-behaviour=\"utag-link-event\" data-props=\"{&quot;content_id&quot;:&quot;Homepage&quot;,&quot;interaction_element&quot;:&quot;Wedding Season&quot;,&quot;interaction_object&quot;:&quot;homepage.navigation.Wedding_Season&quot;,&quot;interaction_position&quot;:&quot;P0-3&quot;,&quot;interaction_type&quot;:&quot;click&quot;,&quot;interaction_component_name&quot;:null,&quot;interaction_type_parent&quot;:&quot;Navigation&quot;,&quot;interaction_type_detail&quot;:&quot;Main Navigation&quot;,&quot;interaction_page_position&quot;:&quot;P0&quot;,&quot;interaction_click&quot;:&quot;click&quot;}\" data-initialized=\"true\"><a href=\"/Wedding-season\" data-behaviour=\"open-flyout\" class=\"whitespace-pre pb-1 hover:border-b-2 hover:border-black \" id=\"category_3\" data-initialized=\"true\">Wedding Season</a></div><div key=\"27\" class=\"py-1 lg:block block\" data-behaviour=\"utag-link-event\" data-props=\"{&quot;content_id&quot;:&quot;Homepage&quot;,&quot;interaction_element&quot;:&quot;Parfums&quot;,&quot;interaction_object&quot;:&quot;homepage.navigation.Parfums&quot;,&quot;interaction_position&quot;:&quot;P0-4&quot;,&quot;interaction_type&quot;:&quot;click&quot;,&quot;interaction_component_name&quot;:null,&quot;interaction_type_parent&quot;:&quot;Navigation&quot;,&quot;interaction_type_detail&quot;:&quot;Main Navigation&quot;,&quot;interaction_page_position&quot;:&quot;P0&quot;,&quot;interaction_click&quot;:&quot;click&quot;}\" data-initialized=\"true\"><a href=\"/Parfums\" data-behaviour=\"open-flyout\" class=\"whitespace-pre pb-1 hover:border-b-2 hover:border-black \" id=\"category_4\" data-initialized=\"true\">Parfums</a></div><div key=\"297\" class=\"py-1 lg:block block\" data-behaviour=\"utag-link-event\" data-props=\"{&quot;content_id&quot;:&quot;Homepage&quot;,&quot;interaction_element&quot;:&quot;Cheveux&quot;,&quot;interaction_object&quot;:&quot;homepage.navigation.Cheveux&quot;,&quot;interaction_position&quot;:&quot;P0-5&quot;,&quot;interaction_type&quot;:&quot;click&quot;,&quot;interaction_component_name&quot;:null,&quot;interaction_type_parent&quot;:&quot;Navigation&quot;,&quot;interaction_type_detail&quot;:&quot;Main Navigation&quot;,&quot;interaction_page_position&quot;:&quot;P0&quot;,&quot;interaction_click&quot;:&quot;click&quot;}\" data-initialized=\"true\"><a href=\"/Cheveux\" data-behaviour=\"open-flyout\" class=\"whitespace-pre pb-1 hover:border-b-2 hover:border-black \" id=\"category_5\" data-initialized=\"true\">Cheveux</a></div><div key=\"111\" class=\"py-1 lg:block block\" data-behaviour=\"utag-link-event\" data-props=\"{&quot;content_id&quot;:&quot;Homepage&quot;,&quot;interaction_element&quot;:&quot;Maquillage&quot;,&quot;interaction_object&quot;:&quot;homepage.navigation.Maquillage&quot;,&quot;interaction_position&quot;:&quot;P0-6&quot;,&quot;interaction_type&quot;:&quot;click&quot;,&quot;interaction_component_name&quot;:null,&quot;interaction_type_parent&quot;:&quot;Navigation&quot;,&quot;interaction_type_detail&quot;:&quot;Main Navigation&quot;,&quot;interaction_page_position&quot;:&quot;P0&quot;,&quot;interaction_click&quot;:&quot;click&quot;}\" data-initialized=\"true\"><a href=\"/Maquillage\" data-behaviour=\"open-flyout\" class=\"whitespace-pre pb-1 hover:border-b-2 hover:border-black \" id=\"category_6\" data-initialized=\"true\">Maquillage</a></div><div key=\"724\" class=\"py-1 lg:block block\" data-behaviour=\"utag-link-event\" data-props=\"{&quot;content_id&quot;:&quot;Homepage&quot;,&quot;interaction_element&quot;:&quot;Visage&quot;,&quot;interaction_object&quot;:&quot;homepage.navigation.Visage&quot;,&quot;interaction_position&quot;:&quot;P0-7&quot;,&quot;interaction_type&quot;:&quot;click&quot;,&quot;interaction_component_name&quot;:null,&quot;interaction_type_parent&quot;:&quot;Navigation&quot;,&quot;interaction_type_detail&quot;:&quot;Main Navigation&quot;,&quot;interaction_page_position&quot;:&quot;P0&quot;,&quot;interaction_click&quot;:&quot;click&quot;}\" data-initialized=\"true\"><a href=\"/Visage\" data-behaviour=\"open-flyout\" class=\"whitespace-pre pb-1 hover:border-b-2 hover:border-black \" id=\"category_7\" data-initialized=\"true\">Visage</a></div><div key=\"810\" class=\"py-1 lg:block block\" data-behaviour=\"utag-link-event\" data-props=\"{&quot;content_id&quot;:&quot;Homepage&quot;,&quot;interaction_element&quot;:&quot;Corps&quot;,&quot;interaction_object&quot;:&quot;homepage.navigation.Corps&quot;,&quot;interaction_position&quot;:&quot;P0-8&quot;,&quot;interaction_type&quot;:&quot;click&quot;,&quot;interaction_component_name&quot;:null,&quot;interaction_type_parent&quot;:&quot;Navigation&quot;,&quot;interaction_type_detail&quot;:&quot;Main Navigation&quot;,&quot;interaction_page_position&quot;:&quot;P0&quot;,&quot;interaction_click&quot;:&quot;click&quot;}\" data-initialized=\"true\"><a href=\"/Corps\" data-behaviour=\"open-flyout\" class=\"whitespace-pre pb-1 hover:border-b-2 hover:border-black \" id=\"category_8\" data-initialized=\"true\">Corps</a></div><div key=\"892\" class=\"py-1 lg:block block\" data-behaviour=\"utag-link-event\" data-props=\"{&quot;content_id&quot;:&quot;Homepage&quot;,&quot;interaction_element&quot;:&quot;Soins hommes&quot;,&quot;interaction_object&quot;:&quot;homepage.navigation.Soins_hommes&quot;,&quot;interaction_position&quot;:&quot;P0-9&quot;,&quot;interaction_type&quot;:&quot;click&quot;,&quot;interaction_component_name&quot;:null,&quot;interaction_type_parent&quot;:&quot;Navigation&quot;,&quot;interaction_type_detail&quot;:&quot;Main Navigation&quot;,&quot;interaction_page_position&quot;:&quot;P0&quot;,&quot;interaction_click&quot;:&quot;click&quot;}\" data-initialized=\"true\"><a href=\"/Soins-hommes\" data-behaviour=\"open-flyout\" class=\"whitespace-pre pb-1 hover:border-b-2 hover:border-black \" id=\"category_9\" data-initialized=\"true\">Soins hommes</a></div><div key=\"464\" class=\"py-1 lg:block block\" data-behaviour=\"utag-link-event\" data-props=\"{&quot;content_id&quot;:&quot;Homepage&quot;,&quot;interaction_element&quot;:&quot;Droguerie&quot;,&quot;interaction_object&quot;:&quot;homepage.navigation.Droguerie&quot;,&quot;interaction_position&quot;:&quot;P0-10&quot;,&quot;interaction_type&quot;:&quot;click&quot;,&quot;interaction_component_name&quot;:null,&quot;interaction_type_parent&quot;:&quot;Navigation&quot;,&quot;interaction_type_detail&quot;:&quot;Main Navigation&quot;,&quot;interaction_page_position&quot;:&quot;P0&quot;,&quot;interaction_click&quot;:&quot;click&quot;}\" data-initialized=\"true\"><a href=\"/Droguerie\" data-behaviour=\"open-flyout\" class=\"whitespace-pre pb-1 hover:border-b-2 hover:border-black \" id=\"category_10\" data-initialized=\"true\">Droguerie</a></div><div key=\"498\" class=\"py-1 lg:block block\" data-behaviour=\"utag-link-event\" data-props=\"{&quot;content_id&quot;:&quot;Homepage&quot;,&quot;interaction_element&quot;:&quot;Nature&quot;,&quot;interaction_object&quot;:&quot;homepage.navigation.Nature&quot;,&quot;interaction_position&quot;:&quot;P0-11&quot;,&quot;interaction_type&quot;:&quot;click&quot;,&quot;interaction_component_name&quot;:null,&quot;interaction_type_parent&quot;:&quot;Navigation&quot;,&quot;interaction_type_detail&quot;:&quot;Main Navigation&quot;,&quot;interaction_page_position&quot;:&quot;P0&quot;,&quot;interaction_click&quot;:&quot;click&quot;}\" data-initialized=\"true\"><a href=\"/Nature\" data-behaviour=\"open-flyout\" class=\"whitespace-pre pb-1 hover:border-b-2 hover:border-black \" id=\"category_11\" data-initialized=\"true\">Nature</a></div><div key=\"561\" class=\"py-1 lg:block block\" data-behaviour=\"utag-link-event\" data-props=\"{&quot;content_id&quot;:&quot;Homepage&quot;,&quot;interaction_element&quot;:&quot;Sant\\u00E9&quot;,&quot;interaction_object&quot;:&quot;homepage.navigation.Sant\\u00E9&quot;,&quot;interaction_position&quot;:&quot;P0-12&quot;,&quot;interaction_type&quot;:&quot;click&quot;,&quot;interaction_component_name&quot;:null,&quot;interaction_type_parent&quot;:&quot;Navigation&quot;,&quot;interaction_type_detail&quot;:&quot;Main Navigation&quot;,&quot;interaction_page_position&quot;:&quot;P0&quot;,&quot;interaction_click&quot;:&quot;click&quot;}\" data-initialized=\"true\"><a href=\"/Sante\" data-behaviour=\"open-flyout\" class=\"whitespace-pre pb-1 hover:border-b-2 hover:border-black \" id=\"category_12\" data-initialized=\"true\">Santé</a></div><div key=\"0\" class=\"py-1 lg:block block\" data-behaviour=\"utag-link-event\" data-props=\"{&quot;content_id&quot;:&quot;Homepage&quot;,&quot;interaction_element&quot;:&quot;Gratuit&quot;,&quot;interaction_object&quot;:&quot;homepage.navigation.Gratuit&quot;,&quot;interaction_position&quot;:&quot;P0-13&quot;,&quot;interaction_type&quot;:&quot;click&quot;,&quot;interaction_component_name&quot;:null,&quot;interaction_type_parent&quot;:&quot;Navigation&quot;,&quot;interaction_type_detail&quot;:&quot;Main Navigation&quot;,&quot;interaction_page_position&quot;:&quot;P0&quot;,&quot;interaction_click&quot;:&quot;click&quot;}\" data-initialized=\"true\"><a href=\"/Incentives\" data-behaviour=\"open-flyout\" class=\"whitespace-pre pb-1 hover:border-b-2 hover:border-black \" id=\"category_13\" data-initialized=\"true\">Gratuit</a></div><div key=\"0\" class=\"py-1 lg:block block\" data-behaviour=\"utag-link-event\" data-props=\"{&quot;content_id&quot;:&quot;Homepage&quot;,&quot;interaction_element&quot;:&quot;Coffrets Cadeaux&quot;,&quot;interaction_object&quot;:&quot;homepage.navigation.Coffrets_Cadeaux&quot;,&quot;interaction_position&quot;:&quot;P0-14&quot;,&quot;interaction_type&quot;:&quot;click&quot;,&quot;interaction_component_name&quot;:null,&quot;interaction_type_parent&quot;:&quot;Navigation&quot;,&quot;interaction_type_detail&quot;:&quot;Main Navigation&quot;,&quot;interaction_page_position&quot;:&quot;P0&quot;,&quot;interaction_click&quot;:&quot;click&quot;}\" data-initialized=\"true\"><a href=\"/Cadeaux\" data-behaviour=\"open-flyout\" class=\"whitespace-pre pb-1 hover:border-b-2 hover:border-black \" id=\"category_14\" data-initialized=\"true\">Coffrets Cadeaux</a></div><div id=\"rightArrowNavigationMenu\" class=\"hidden lg:flex xl:hidden absolute right-12 pt-0.5\" data-behaviour=\"navigationSlider\" data-initialized=\"true\"><div class=\"w-20 h-6 flex-shrink bg-gradient-to-r from-transparent to-white\"></div>\n            <svg xmlns=\"http://www.w3.org/2000/svg\" width=\"24\" height=\"24\" viewBox=\"0 0 24 24\" fill=\"none\" class=\"pr-2 bg-white\"><path d=\"M9.05 16.95C8.93333 16.85 8.875 16.7333 8.875 16.6C8.875 16.4667 8.93333 16.35 9.05 16.25L13.3 12L9.05 7.75C8.93333 7.65 8.875 7.53333 8.875 7.4C8.875 7.26667 8.93333 7.15 9.05 7.05C9.15 6.93333 9.26667 6.875 9.4 6.875C9.53333 6.875 9.65 6.93333 9.75 7.05L14.15 11.425C14.2333 11.525 14.2917 11.6207 14.325 11.712C14.3583 11.804 14.375 11.9 14.375 12C14.375 12.1 14.3583 12.1957 14.325 12.287C14.2917 12.379 14.2333 12.475 14.15 12.575L9.75 16.95C9.65 17.0667 9.53333 17.125 9.4 17.125C9.26667 17.125 9.15 17.0667 9.05 16.95Z\" fill=\"#1D1D1F\"></path></svg></div></div><div id=\"category_0\" class=\"absolute hidden pt-4 left-0 w-full bg-white z-100\"><div class=\"max-w-screen-xl mx-auto\"><div class=\"mx-4 sm:mx-8 md:mx-12 lg:mx-16\"><div class=\"flex xl:divide-x xl:divide-mediumgray gap-4\"><div class=\"hidden xl:flex w-1/4 overflow-hidden\"><div class=\"flex flex-wrap text-darkgray\"><div class=\"flex items-center justify-center w-8 h-8 m-1\"><a href=\"/Toutes-les-marques-de-parfum?section=A\">A</a></div><div class=\"flex items-center justify-center w-8 h-8 m-1\"><a href=\"/Toutes-les-marques-de-parfum?section=B\">B</a></div><div class=\"flex items-center justify-center w-8 h-8 m-1\"><a href=\"/Toutes-les-marques-de-parfum?section=C\">C</a></div><div class=\"flex items-center justify-center w-8 h-8 m-1\"><a href=\"/Toutes-les-marques-de-parfum?section=D\">D</a></div><div class=\"flex items-center justify-center w-8 h-8 m-1\"><a href=\"/Toutes-les-marques-de-parfum?section=E\">E</a></div><div class=\"flex items-center justify-center w-8 h-8 m-1\"><a href=\"/Toutes-les-marques-de-parfum?section=F\">F</a></div><div class=\"flex items-center justify-center w-8 h-8 m-1\"><a href=\"/Toutes-les-marques-de-parfum?section=G\">G</a></div><div class=\"flex items-center justify-center w-8 h-8 m-1\"><a href=\"/Toutes-les-marques-de-parfum?section=H\">H</a></div><div class=\"flex items-center justify-center w-8 h-8 m-1\"><a href=\"/Toutes-les-marques-de-parfum?section=I\">I</a></div><div class=\"flex items-center justify-center w-8 h-8 m-1\"><a href=\"/Toutes-les-marques-de-parfum?section=J\">J</a></div><div class=\"flex items-center justify-center w-8 h-8 m-1\"><a href=\"/Toutes-les-marques-de-parfum?section=K\">K</a></div><div class=\"flex items-center justify-center w-8 h-8 m-1\"><a href=\"/Toutes-les-marques-de-parfum?section=L\">L</a></div><div class=\"flex items-center justify-center w-8 h-8 m-1\"><a href=\"/Toutes-les-marques-de-parfum?section=M\">M</a></div><div class=\"flex items-center justify-center w-8 h-8 m-1\"><a href=\"/Toutes-les-marques-de-parfum?section=N\">N</a></div><div class=\"flex items-center justify-center w-8 h-8 m-1\"><a href=\"/Toutes-les-marques-de-parfum?section=O\">O</a></div><div class=\"flex items-center justify-center w-8 h-8 m-1\"><a href=\"/Toutes-les-marques-de-parfum?section=P\">P</a></div><div class=\"flex items-center justify-center w-8 h-8 m-1\"><a href=\"/Toutes-les-marques-de-parfum?section=R\">R</a></div><div class=\"flex items-center justify-center w-8 h-8 m-1\"><a href=\"/Toutes-les-marques-de-parfum?section=S\">S</a></div><div class=\"flex items-center justify-center w-8 h-8 m-1\"><a href=\"/Toutes-les-marques-de-parfum?section=T\">T</a></div><div class=\"flex items-center justify-center w-8 h-8 m-1\"><a href=\"/Toutes-les-marques-de-parfum?section=U\">U</a></div><div class=\"flex items-center justify-center w-8 h-8 m-1\"><a href=\"/Toutes-les-marques-de-parfum?section=V\">V</a></div><div class=\"flex items-center justify-center w-8 h-8 m-1\"><a href=\"/Toutes-les-marques-de-parfum?section=W\">W</a></div><div class=\"flex items-center justify-center w-8 h-8 m-1\"><a href=\"/Toutes-les-marques-de-parfum?section=X\">X</a></div><div class=\"flex items-center justify-center w-8 h-8 m-1\"><a href=\"/Toutes-les-marques-de-parfum?section=Y\">Y</a></div><div class=\"flex items-center justify-center w-8 h-8 m-1\"><a href=\"/Toutes-les-marques-de-parfum?section=Z\">Z</a></div><div class=\"flex items-center justify-center w-8 h-8 m-1\"><a href=\"/Toutes-les-marques-de-parfum?section=0-9\">0-9</a></div></div></div>\n                    <div class=\"flex grid gap-4 pl-0 xl:pl-10 grid-cols-4 xl:grid-cols-5\"><div class=\"mb-4 col-span-1 lg:block block\"><a href=\"/\" class=\"font-bold text-black\" id=\"category_0_0\">Marques top</a>\n                                <ul class=\"pt-2 pl-0\"><li><a href=\"/Lancome\" class=\"text-darkgray\" id=\"category_0_0_0\">Lancôme</a></li><li><a href=\"/Armani\" class=\"text-darkgray\" id=\"category_0_0_1\">Armani</a></li><li><a href=\"/Kerastase\" class=\"text-darkgray\" id=\"category_0_0_2\">Kérastase</a></li><li><a href=\"/Jean-Paul-Gaultier\" class=\"text-darkgray\" id=\"category_0_0_3\">Jean Paul Gaultier</a></li><li><a href=\"/SENSAI\" class=\"text-darkgray\" id=\"category_0_0_4\">SENSAI</a></li><li><a href=\"/Hugo-Boss\" class=\"text-darkgray\" id=\"category_0_0_5\">Hugo Boss</a></li><li><a href=\"/Narciso-Rodriguez\" class=\"text-darkgray\" id=\"category_0_0_6\">Narciso Rodriguez</a></li><li><a href=\"/Shiseido\" class=\"text-darkgray\" id=\"category_0_0_7\">Shiseido</a></li><li><a href=\"/Rabanne\" class=\"text-darkgray\" id=\"category_0_0_8\">Rabanne</a></li></ul></div><div class=\"mb-4 col-span-1 lg:block block\"><a href=\"/\" class=\"font-bold text-black\" id=\"category_0_1\">Marques premium</a>\n                                <ul class=\"pt-2 pl-0\"><li><a href=\"/Yves-Saint-Laurent\" class=\"text-darkgray\" id=\"category_0_1_0\">Yves Saint Laurent</a></li><li><a href=\"/GIVENCHY\" class=\"text-darkgray\" id=\"category_0_1_1\">GIVENCHY</a></li><li><a href=\"/GUERLAIN\" class=\"text-darkgray\" id=\"category_0_1_2\">GUERLAIN</a></li><li><a href=\"/Parfums-de-Marly\" class=\"text-darkgray\" id=\"category_0_1_3\">Parfums de Marly</a></li><li><a href=\"/INITIO-Parfums-Prives\" class=\"text-darkgray\" id=\"category_0_1_4\">INITIO Parfums Privés</a></li><li><a href=\"/La-Mer\" class=\"text-darkgray\" id=\"category_0_1_5\">La Mer</a></li><li><a href=\"/Tom-Ford\" class=\"text-darkgray\" id=\"category_0_1_6\">Tom Ford</a></li><li><a href=\"/Eisenberg\" class=\"text-darkgray\" id=\"category_0_1_7\">Eisenberg</a></li></ul></div><div class=\"mb-4 col-span-1 lg:block block\"><a href=\"/\" class=\"font-bold text-black\" id=\"category_0_2\">Nouveau</a>\n                                <ul class=\"pt-2 pl-0\"><li><a href=\"/Jo-Malone-London\" class=\"text-darkgray\" id=\"category_0_2_0\">Jo Malone London</a></li><li><a href=\"/Drybar\" class=\"text-darkgray\" id=\"category_0_2_1\">Drybar</a></li><li><a href=\"/Simone-Andreoli\" class=\"text-darkgray\" id=\"category_0_2_2\">Simone Andreoli</a></li><li><a href=\"/Kylie-Fragrance\" class=\"text-darkgray\" id=\"category_0_2_3\">Kylie Fragrance</a></li><li><a href=\"/Khloe-Kardashian\" class=\"text-darkgray\" id=\"category_0_2_4\">Khloé Kardashian</a></li><li><a href=\"/KAJAL\" class=\"text-darkgray\" id=\"category_0_2_5\">KAJAL</a></li><li><a href=\"/Doctor-Eckstein\" class=\"text-darkgray\" id=\"category_0_2_6\">Doctor Eckstein</a></li><li><a href=\"/Curlsmith\" class=\"text-darkgray\" id=\"category_0_2_7\">Curlsmith</a></li></ul></div></div></div></div></div>\n        <div class=\"absolute w-screen h-screen bg-black opacity-25 z-10 gray-area justify-start\"></div></div><div id=\"category_4\" class=\"absolute hidden pt-4 left-0 w-full bg-white z-100\"><div class=\"max-w-screen-xl mx-auto\"><div class=\"mx-4 sm:mx-8 md:mx-12 lg:mx-16\"><div class=\"flex grid gap-4 grid-cols-4 xl:grid-cols-5\"><div class=\"mb-4 col-span-1 lg:block block\"><a href=\"/Parfums/Parfums-femme\" class=\"font-bold text-black\" id=\"category_4_0\">Parfums femme</a>\n                            <ul class=\"pt-2 pl-0\"><li><a href=\"/Parfums/Parfums-femme/Parfums\" class=\"text-darkgray\" id=\"category_4_0_0\">Parfums</a></li><li><a href=\"/Parfums/Parfums-femme/Parfums-cheveux\" class=\"text-darkgray\" id=\"category_4_0_1\">Parfums cheveux</a></li><li><a href=\"/Parfums/Parfums-femme/Brumes-parfumees\" class=\"text-darkgray\" id=\"category_4_0_2\">Brumes parfumées</a></li><li><a href=\"/Parfums/Parfums-femme/Gels-douche-femme\" class=\"text-darkgray\" id=\"category_4_0_3\">Gels douche femme</a></li><li><a href=\"/Parfums/Parfums-femme/Deodorants\" class=\"text-darkgray\" id=\"category_4_0_4\">Déodorants</a></li><li><span class=\"text-darkgray\">» </span>\n                <a href=\"/Parfums/Parfums-femme\" class=\"text-darkgray\">Toutes les catégories</a></li></ul></div><div class=\"mb-4 col-span-1 lg:block block\"><a href=\"/Parfums/Parfums-homme\" class=\"font-bold text-black\" id=\"category_4_1\">Parfums homme</a>\n                            <ul class=\"pt-2 pl-0\"><li><a href=\"/Parfums/Parfums-homme/Parfums\" class=\"text-darkgray\" id=\"category_4_1_0\">Parfums</a></li><li><a href=\"/Parfums/Parfums-homme/Apres-rasages\" class=\"text-darkgray\" id=\"category_4_1_1\">Après-rasages</a></li><li><a href=\"/Parfums/Parfums-homme/Soins-du-corps-homme\" class=\"text-darkgray\" id=\"category_4_1_2\">Soins du corps homme</a></li><li><a href=\"/Parfums/Parfums-homme/Gels-douche-homme\" class=\"text-darkgray\" id=\"category_4_1_3\">Gels douche homme</a></li><li><a href=\"/Parfums/Parfums-homme/Deodorants\" class=\"text-darkgray\" id=\"category_4_1_4\">Déodorants</a></li><li><span class=\"text-darkgray\">» </span>\n                <a href=\"/Parfums/Parfums-homme\" class=\"text-darkgray\">Toutes les catégories</a></li></ul></div><div class=\"mb-4 col-span-1 lg:block block\"><a href=\"/Parfums/Notes-de-parfum\" class=\"font-bold text-black\" id=\"category_4_2\">Notes de parfum</a>\n                            <ul class=\"pt-2 pl-0\"><li><a href=\"/Parfums/Notes-de-parfum/Parfums-ambres\" class=\"text-darkgray\" id=\"category_4_2_0\">Parfums ambrés</a></li><li><a href=\"/Parfums/Notes-de-parfum/Parfums-orientaux\" class=\"text-darkgray\" id=\"category_4_2_1\">Parfums orientaux</a></li><li><a href=\"/Parfums/Notes-de-parfum/Parfums-fleuris\" class=\"text-darkgray\" id=\"category_4_2_2\">Parfums fleuris</a></li><li><a href=\"/Parfums/Notes-de-parfum/Parfums-fruites\" class=\"text-darkgray\" id=\"category_4_2_3\">Parfums fruités</a></li><li><a href=\"/Parfums/Notes-de-parfum/Parfums-frais\" class=\"text-darkgray\" id=\"category_4_2_4\">Parfums frais</a></li><li><span class=\"text-darkgray\">» </span>\n                <a href=\"/Parfums/Notes-de-parfum\" class=\"text-darkgray\">Toutes les catégories</a></li></ul></div><div class=\"mb-4 col-span-1 lg:block block\"><a href=\"/Parfums/Parfums-par-saison\" class=\"font-bold text-black\" id=\"category_4_3\">Parfums par saison</a>\n                            <ul class=\"pt-2 pl-0\"><li><a href=\"/Parfums/Parfums-par-saison/Parfums-de-printemps\" class=\"text-darkgray\" id=\"category_4_3_0\">Parfums de printemps</a></li><li><a href=\"/Parfums/Parfums-par-saison/Parfums-dautomne\" class=\"text-darkgray\" id=\"category_4_3_1\">Parfums d’automne</a></li><li><a href=\"/Parfums/Parfums-par-saison/Parfums-dete\" class=\"text-darkgray\" id=\"category_4_3_2\">Parfums d’été</a></li><li><a href=\"/Parfums/Parfums-par-saison/Parfums-dhiver\" class=\"text-darkgray\" id=\"category_4_3_3\">Parfums d’hiver</a></li></ul></div><div class=\"mb-4 hidden xl:block col-span-1 lg:block block\"><a href=\"/Parfums/En-vedette-\" class=\"font-bold text-black\" id=\"category_4_4\">En vedette </a>\n                            <ul class=\"pt-2 pl-0\"><li><a href=\"/Parfums/En-vedette-/Eaux-de-Cologne\" class=\"text-darkgray\" id=\"category_4_4_0\">Eaux de Cologne</a></li><li><a href=\"/Parfums/En-vedette-/Eaux-de-Parfum\" class=\"text-darkgray\" id=\"category_4_4_1\">Eaux de Parfum</a></li><li><a href=\"/Parfums/En-vedette-/Eaux-de-toilette\" class=\"text-darkgray\" id=\"category_4_4_2\">Eaux de toilette</a></li><li><a href=\"/Parfums/En-vedette-/Nouveautes-parfums\" class=\"text-darkgray\" id=\"category_4_4_3\">Nouveautés parfums</a></li><li><a href=\"/Parfums/En-vedette-/Parfums-en-promo\" class=\"text-darkgray\" id=\"category_4_4_4\">Parfums en promo</a></li><li><span class=\"text-darkgray\">» </span>\n                <a href=\"/Parfums/En-vedette-\" class=\"text-darkgray\">Toutes les catégories</a></li></ul></div><div class=\"mb-4 col-span-1 lg:block block\"><a href=\"/Parfums/Parfums-par-pays\" class=\"font-bold text-black\" id=\"category_4_5\">Parfums par pays</a>\n                            <ul class=\"pt-2 pl-0\"><li><a href=\"/Parfums/Parfums-par-pays/Parfums-arabes\" class=\"text-darkgray\" id=\"category_4_5_0\">Parfums arabes</a></li><li><a href=\"/Parfums/Parfums-par-pays/Parfums-francais\" class=\"text-darkgray\" id=\"category_4_5_1\">Parfums français</a></li><li><a href=\"/Parfums/Parfums-par-pays/Parfums-italiens\" class=\"text-darkgray\" id=\"category_4_5_2\">Parfums italiens</a></li><li><a href=\"/Parfums/Parfums-par-pays/Parfums-espagnols\" class=\"text-darkgray\" id=\"category_4_5_3\">Parfums espagnols</a></li></ul></div><div class=\"mb-4 col-span-1 lg:block block\"><a href=\"/Parfums/Parfums-de-luxe\" class=\"font-bold text-black\" id=\"category_4_6\">Parfums de luxe</a>\n                            <ul class=\"pt-2 pl-0\"><li><a href=\"/Parfums/Parfums-de-luxe/Parfums-de-luxe-femme\" class=\"text-darkgray\" id=\"category_4_6_0\">Parfums de luxe femme</a></li><li><a href=\"/Parfums/Parfums-de-luxe/Parfums-de-luxe-homme\" class=\"text-darkgray\" id=\"category_4_6_1\">Parfums de luxe homme</a></li></ul></div><div class=\"mb-4 col-span-1 lg:block block\"><a href=\"/Parfums/Parfums-de-niche\" class=\"font-bold text-black\" id=\"category_4_7\">Parfums de niche</a>\n                            <ul class=\"pt-2 pl-0\"><li><a href=\"/Parfums/Parfums-de-niche/Parfums-de-niche-femme\" class=\"text-darkgray\" id=\"category_4_7_0\">Parfums de niche femme</a></li><li><a href=\"/Parfums/Parfums-de-niche/Parfums-de-niche-homme\" class=\"text-darkgray\" id=\"category_4_7_1\">Parfums de niche homme</a></li></ul></div><div class=\"mb-4 col-span-1 lg:block block\"><a href=\"/Parfums/Parfums-dinterieur\" class=\"font-bold text-black\" id=\"category_4_8\">Parfums d’intérieur</a>\n                            <ul class=\"pt-2 pl-0\"><li><a href=\"/Parfums/Parfums-dinterieur/Bougies-parfumees\" class=\"text-darkgray\" id=\"category_4_8_0\">Bougies parfumées</a></li><li><a href=\"/Parfums/Parfums-dinterieur/Diffuseurs-de-parfums\" class=\"text-darkgray\" id=\"category_4_8_1\">Diffuseurs de parfums</a></li><li><a href=\"/Parfums/Parfums-dinterieur/Diffuseurs-dhuiles-essentielles\" class=\"text-darkgray\" id=\"category_4_8_2\">Diffuseurs d’huiles essentielles</a></li><li><a href=\"/Parfums/Parfums-dinterieur/Pierres-parfumees\" class=\"text-darkgray\" id=\"category_4_8_3\">Pierres parfumées</a></li><li><a href=\"/Parfums/Parfums-dinterieur/Desodorisants-dinterieur\" class=\"text-darkgray\" id=\"category_4_8_4\">Désodorisants d’intérieur</a></li><li><span class=\"text-darkgray\">» </span>\n                <a href=\"/Parfums/Parfums-dinterieur\" class=\"text-darkgray\">Toutes les catégories</a></li></ul></div></div></div></div>\n        <div class=\"absolute w-screen h-screen bg-black opacity-25 z-10 gray-area justify-start\"></div></div><div id=\"category_5\" class=\"absolute hidden pt-4 left-0 w-full bg-white z-100\"><div class=\"max-w-screen-xl mx-auto\"><div class=\"mx-4 sm:mx-8 md:mx-12 lg:mx-16\"><div class=\"flex grid gap-4 grid-cols-4 xl:grid-cols-5\"><div class=\"mb-4 col-span-1 lg:block block\"><a href=\"/Cheveux/Shampooings\" class=\"font-bold text-black\" id=\"category_5_0\">Shampooings</a>\n                            <ul class=\"pt-2 pl-0\"><li><a href=\"/Cheveux/Shampooings/Shampooing-a-la-keratine\" class=\"text-darkgray\" id=\"category_5_0_0\">Shampooing à la kératine</a></li><li><a href=\"/Cheveux/Shampooings/Shampooing-a-lhuile-dargan\" class=\"text-darkgray\" id=\"category_5_0_1\">Shampooing à l'huile d'argan</a></li><li><a href=\"/Cheveux/Shampooings/Shampooing-lissant\" class=\"text-darkgray\" id=\"category_5_0_2\">Shampooing lissant</a></li><li><a href=\"/Cheveux/Shampooings/Shampooing-volumateur\" class=\"text-darkgray\" id=\"category_5_0_3\">Shampooing volumateur</a></li><li><a href=\"/Cheveux/Shampooings/Shampooing-hommes\" class=\"text-darkgray\" id=\"category_5_0_4\">Shampooing hommes</a></li><li><span class=\"text-darkgray\">» </span>\n                <a href=\"/Cheveux/Shampooings\" class=\"text-darkgray\">Toutes les catégories</a></li></ul></div><div class=\"mb-4 col-span-1 lg:block block\"><a href=\"/Cheveux/Produits-de-coiffage\" class=\"font-bold text-black\" id=\"category_5_1\">Produits de coiffage</a>\n                            <ul class=\"pt-2 pl-0\"><li><a href=\"/Cheveux/Produits-de-coiffage/Mousse-coiffante\" class=\"text-darkgray\" id=\"category_5_1_0\">Mousse coiffante</a></li><li><a href=\"/Cheveux/Produits-de-coiffage/Spray-thermoprotecteur\" class=\"text-darkgray\" id=\"category_5_1_1\">Spray thermoprotecteur</a></li><li><a href=\"/Cheveux/Produits-de-coiffage/Cire-cheveux\" class=\"text-darkgray\" id=\"category_5_1_2\">Cire cheveux</a></li><li><a href=\"/Cheveux/Produits-de-coiffage/Spray-coiffant\" class=\"text-darkgray\" id=\"category_5_1_3\">Spray coiffant</a></li><li><a href=\"/Cheveux/Produits-de-coiffage/Spray-racines\" class=\"text-darkgray\" id=\"category_5_1_4\">Spray racines</a></li><li><span class=\"text-darkgray\">» </span>\n                <a href=\"/Cheveux/Produits-de-coiffage\" class=\"text-darkgray\">Toutes les catégories</a></li></ul></div><div class=\"mb-4 col-span-1 lg:block block\"><a href=\"/Cheveux/Soins-cheveux-sans-rincage\" class=\"font-bold text-black\" id=\"category_5_2\">Soins cheveux sans rinçage</a>\n                            <ul class=\"pt-2 pl-0\"><li><a href=\"/Cheveux/Soins-cheveux-sans-rincage/Huile-cheveux\" class=\"text-darkgray\" id=\"category_5_2_0\">Huile cheveux</a></li><li><a href=\"/Cheveux/Soins-cheveux-sans-rincage/Serum-cheveux\" class=\"text-darkgray\" id=\"category_5_2_1\">Sérum cheveux</a></li><li><a href=\"/Cheveux/Soins-cheveux-sans-rincage/Soin-cheveux-en-spray\" class=\"text-darkgray\" id=\"category_5_2_2\">Soin cheveux en spray</a></li><li><a href=\"/Cheveux/Soins-cheveux-sans-rincage/Apres-shampooing-sans-rincage\" class=\"text-darkgray\" id=\"category_5_2_3\">Après-shampooing sans rinçage</a></li><li><a href=\"/Cheveux/Soins-cheveux-sans-rincage/Coffrets-soins-cheveux\" class=\"text-darkgray\" id=\"category_5_2_4\">Coffrets soins cheveux</a></li></ul></div><div class=\"mb-4 col-span-1 lg:block block\"><a href=\"/Cheveux/Soins-cuir-chevelu\" class=\"font-bold text-black\" id=\"category_5_3\">Soins cuir chevelu</a>\n                            <ul class=\"pt-2 pl-0\"><li><a href=\"/Cheveux/Soins-cuir-chevelu/Huile-cuir-chevelu\" class=\"text-darkgray\" id=\"category_5_3_0\">Huile cuir chevelu</a></li><li><a href=\"/Cheveux/Soins-cuir-chevelu/Gommage-cuir-chevelu\" class=\"text-darkgray\" id=\"category_5_3_1\">Gommage cuir chevelu</a></li><li><a href=\"/Cheveux/Soins-cuir-chevelu/Lotion-capillaire\" class=\"text-darkgray\" id=\"category_5_3_2\">Lotion capillaire</a></li><li><a href=\"/Cheveux/Soins-cuir-chevelu/Protection-solaire-cheveux\" class=\"text-darkgray\" id=\"category_5_3_3\">Protection solaire cheveux</a></li></ul></div><div class=\"mb-4 hidden xl:block col-span-1 lg:block block\"><a href=\"/Cheveux/Soins-par-type-de-cheveux\" class=\"font-bold text-black\" id=\"category_5_4\">Soins par type de cheveux</a>\n                            <ul class=\"pt-2 pl-0\"><li><a href=\"/Cheveux/Soins-par-type-de-cheveux/Cheveux-gras\" class=\"text-darkgray\" id=\"category_5_4_0\">Cheveux gras</a></li><li><a href=\"/Cheveux/Soins-par-type-de-cheveux/Cheveux-fins-et-lisses\" class=\"text-darkgray\" id=\"category_5_4_1\">Cheveux fins et lisses</a></li><li><a href=\"/Cheveux/Soins-par-type-de-cheveux/Cheveux-secs\" class=\"text-darkgray\" id=\"category_5_4_2\">Cheveux secs</a></li><li><a href=\"/Cheveux/Soins-par-type-de-cheveux/Cheveux-boucles\" class=\"text-darkgray\" id=\"category_5_4_3\">Cheveux bouclés</a></li><li><a href=\"/Cheveux/Soins-par-type-de-cheveux/Cheveux-colores\" class=\"text-darkgray\" id=\"category_5_4_4\">Cheveux colorés</a></li><li><span class=\"text-darkgray\">» </span>\n                <a href=\"/Cheveux/Soins-par-type-de-cheveux\" class=\"text-darkgray\">Toutes les catégories</a></li></ul></div><div class=\"mb-4 col-span-1 lg:block block\"><a href=\"/Cheveux/Apres-shampooings\" class=\"font-bold text-black\" id=\"category_5_5\">Après-shampooings</a>\n                            <ul class=\"pt-2 pl-0\"><li><a href=\"/Cheveux/Apres-shampooings/Apres-shampooing-cheveux-colores\" class=\"text-darkgray\" id=\"category_5_5_0\">Après-shampooing cheveux colorés</a></li><li><a href=\"/Cheveux/Apres-shampooings/Apres-shampooing-cheveux-secs\" class=\"text-darkgray\" id=\"category_5_5_1\">Après-shampooing cheveux secs</a></li><li><a href=\"/Cheveux/Apres-shampooings/Apres-shampooing-antipelliculaire\" class=\"text-darkgray\" id=\"category_5_5_2\">Après-shampooing antipelliculaire</a></li><li><a href=\"/Cheveux/Apres-shampooings/Apres-shampooing-anti-frisottis\" class=\"text-darkgray\" id=\"category_5_5_3\">Après-shampooing anti-frisottis</a></li><li><a href=\"/Cheveux/Apres-shampooings/Apres-shampooing-reparateur\" class=\"text-darkgray\" id=\"category_5_5_4\">Après-shampooing réparateur</a></li><li><span class=\"text-darkgray\">» </span>\n                <a href=\"/Cheveux/Apres-shampooings\" class=\"text-darkgray\">Toutes les catégories</a></li></ul></div><div class=\"mb-4 col-span-1 lg:block block\"><a href=\"/Cheveux/Masques-et-soins-cheveux\" class=\"font-bold text-black\" id=\"category_5_6\">Masques et soins cheveux</a>\n                            <ul class=\"pt-2 pl-0\"><li><a href=\"/Cheveux/Masques-et-soins-cheveux/Beurre-capillaire\" class=\"text-darkgray\" id=\"category_5_6_0\">Beurre capillaire</a></li><li><a href=\"/Cheveux/Masques-et-soins-cheveux/Soin-cheveux-secs\" class=\"text-darkgray\" id=\"category_5_6_1\">Soin cheveux secs</a></li><li><a href=\"/Cheveux/Masques-et-soins-cheveux/Soin-cheveux-colores\" class=\"text-darkgray\" id=\"category_5_6_2\">Soin cheveux colorés</a></li><li><a href=\"/Cheveux/Masques-et-soins-cheveux/Soin-hydratant-cheveux\" class=\"text-darkgray\" id=\"category_5_6_3\">Soin hydratant cheveux</a></li><li><a href=\"/Cheveux/Masques-et-soins-cheveux/Soin-cheveux-a-la-keratine\" class=\"text-darkgray\" id=\"category_5_6_4\">Soin cheveux à la kératine</a></li><li><span class=\"text-darkgray\">» </span>\n                <a href=\"/Cheveux/Masques-et-soins-cheveux\" class=\"text-darkgray\">Toutes les catégories</a></li></ul></div><div class=\"mb-4 col-span-1 lg:block block\"><a href=\"/Cheveux/Brosses-a-cheveux-et-peignes\" class=\"font-bold text-black\" id=\"category_5_7\">Brosses à cheveux et peignes</a>\n                            <ul class=\"pt-2 pl-0\"><li><a href=\"/Cheveux/Brosses-a-cheveux-et-peignes/Brosses-rondes\" class=\"text-darkgray\" id=\"category_5_7_0\">Brosses rondes</a></li><li><a href=\"/Cheveux/Brosses-a-cheveux-et-peignes/Brosses-demelantes\" class=\"text-darkgray\" id=\"category_5_7_1\">Brosses démêlantes</a></li><li><a href=\"/Cheveux/Brosses-a-cheveux-et-peignes/Brosses-plates-et-paddle\" class=\"text-darkgray\" id=\"category_5_7_2\">Brosses plates et paddle</a></li><li><a href=\"/Cheveux/Brosses-a-cheveux-et-peignes/Brosses-en-bois\" class=\"text-darkgray\" id=\"category_5_7_3\">Brosses en bois</a></li><li><a href=\"/Cheveux/Brosses-a-cheveux-et-peignes/Peignes\" class=\"text-darkgray\" id=\"category_5_7_4\">Peignes</a></li><li><span class=\"text-darkgray\">» </span>\n                <a href=\"/Cheveux/Brosses-a-cheveux-et-peignes\" class=\"text-darkgray\">Toutes les catégories</a></li></ul></div><div class=\"mb-4 col-span-1 lg:block block\"><a href=\"/Cheveux/Accessoires-cheveux\" class=\"font-bold text-black\" id=\"category_5_8\">Accessoires cheveux</a>\n                            <ul class=\"pt-2 pl-0\"><li><a href=\"/Cheveux/Accessoires-cheveux/Elastiques-cheveux\" class=\"text-darkgray\" id=\"category_5_8_0\">Élastiques cheveux</a></li><li><a href=\"/Cheveux/Accessoires-cheveux/Bigoudis\" class=\"text-darkgray\" id=\"category_5_8_1\">Bigoudis</a></li><li><a href=\"/Cheveux/Accessoires-cheveux/Chouchous\" class=\"text-darkgray\" id=\"category_5_8_2\">Chouchous</a></li><li><a href=\"/Cheveux/Accessoires-cheveux/Barrettes-et-pinces-a-cheveux\" class=\"text-darkgray\" id=\"category_5_8_3\">Barrettes et pinces à cheveux</a></li><li><a href=\"/Cheveux/Accessoires-cheveux/Vaporisateurs\" class=\"text-darkgray\" id=\"category_5_8_4\">Vaporisateurs</a></li><li><span class=\"text-darkgray\">» </span>\n                <a href=\"/Cheveux/Accessoires-cheveux\" class=\"text-darkgray\">Toutes les catégories</a></li></ul></div><div class=\"mb-4 hidden xl:block col-span-1 lg:block block\"><a href=\"/Cheveux/Materiel-coiffure\" class=\"font-bold text-black\" id=\"category_5_9\">Matériel coiffure</a>\n                            <ul class=\"pt-2 pl-0\"><li><a href=\"/Cheveux/Materiel-coiffure/Lisseurs\" class=\"text-darkgray\" id=\"category_5_9_0\">Lisseurs</a></li><li><a href=\"/Cheveux/Materiel-coiffure/Boucleurs\" class=\"text-darkgray\" id=\"category_5_9_1\">Boucleurs</a></li><li><a href=\"/Cheveux/Materiel-coiffure/Bigoudis-chauffants\" class=\"text-darkgray\" id=\"category_5_9_2\">Bigoudis chauffants</a></li><li><a href=\"/Cheveux/Materiel-coiffure/Seche-cheveux\" class=\"text-darkgray\" id=\"category_5_9_3\">Sèche-cheveux</a></li><li><a href=\"/Cheveux/Materiel-coiffure/Tondeuses-cheveux\" class=\"text-darkgray\" id=\"category_5_9_4\">Tondeuses cheveux</a></li><li><span class=\"text-darkgray\">» </span>\n                <a href=\"/Cheveux/Materiel-coiffure\" class=\"text-darkgray\">Toutes les catégories</a></li></ul></div></div></div></div>\n        <div class=\"absolute w-screen h-screen bg-black opacity-25 z-10 gray-area justify-start\"></div></div><div id=\"category_6\" class=\"absolute hidden pt-4 left-0 w-full bg-white z-100\"><div class=\"max-w-screen-xl mx-auto\"><div class=\"mx-4 sm:mx-8 md:mx-12 lg:mx-16\"><div class=\"flex grid gap-4 grid-cols-4 xl:grid-cols-5\"><div class=\"mb-4 col-span-1 lg:block block\"><a href=\"/Maquillage/Teint\" class=\"font-bold text-black\" id=\"category_6_0\">Teint</a>\n                            <ul class=\"pt-2 pl-0\"><li><a href=\"/Maquillage/Teint/Fond-de-teint\" class=\"text-darkgray\" id=\"category_6_0_0\">Fond de teint</a></li><li><a href=\"/Maquillage/Teint/Anti-cernes\" class=\"text-darkgray\" id=\"category_6_0_1\">Anti-cernes</a></li><li><a href=\"/Maquillage/Teint/Poudres\" class=\"text-darkgray\" id=\"category_6_0_2\">Poudres</a></li><li><a href=\"/Maquillage/Teint/Blush\" class=\"text-darkgray\" id=\"category_6_0_3\">Blush</a></li><li><a href=\"/Maquillage/Teint/Highlighters\" class=\"text-darkgray\" id=\"category_6_0_4\">Highlighters</a></li><li><span class=\"text-darkgray\">» </span>\n                <a href=\"/Maquillage/Teint\" class=\"text-darkgray\">Toutes les catégories</a></li></ul></div><div class=\"mb-4 col-span-1 lg:block block\"><a href=\"/Maquillage/Yeux\" class=\"font-bold text-black\" id=\"category_6_1\">Yeux</a>\n                            <ul class=\"pt-2 pl-0\"><li><a href=\"/Maquillage/Yeux/Fards-a-paupieres\" class=\"text-darkgray\" id=\"category_6_1_0\">Fards à paupières</a></li><li><a href=\"/Maquillage/Yeux/Mascara\" class=\"text-darkgray\" id=\"category_6_1_1\">Mascara</a></li><li><a href=\"/Maquillage/Yeux/Eyeliner\" class=\"text-darkgray\" id=\"category_6_1_2\">Eyeliner</a></li><li><a href=\"/Maquillage/Yeux/Fards-a-paupieres-creme\" class=\"text-darkgray\" id=\"category_6_1_3\">Fards à paupières crème</a></li><li><a href=\"/Maquillage/Yeux/Base-pour-fards-a-paupieres\" class=\"text-darkgray\" id=\"category_6_1_4\">Base pour fards à paupières</a></li><li><span class=\"text-darkgray\">» </span>\n                <a href=\"/Maquillage/Yeux\" class=\"text-darkgray\">Toutes les catégories</a></li></ul></div><div class=\"mb-4 col-span-1 lg:block block\"><a href=\"/Maquillage/Sourcils\" class=\"font-bold text-black\" id=\"category_6_2\">Sourcils</a>\n                            <ul class=\"pt-2 pl-0\"><li><a href=\"/Maquillage/Sourcils/Teinture-sourcils\" class=\"text-darkgray\" id=\"category_6_2_0\">Teinture sourcils</a></li><li><a href=\"/Maquillage/Sourcils/Gel-sourcils\" class=\"text-darkgray\" id=\"category_6_2_1\">Gel sourcils</a></li><li><a href=\"/Maquillage/Sourcils/Pommade-sourcils\" class=\"text-darkgray\" id=\"category_6_2_2\">Pommade sourcils</a></li><li><a href=\"/Maquillage/Sourcils/Poudre-sourcils\" class=\"text-darkgray\" id=\"category_6_2_3\">Poudre sourcils</a></li><li><a href=\"/Maquillage/Sourcils/Crayon-sourcils\" class=\"text-darkgray\" id=\"category_6_2_4\">Crayon sourcils</a></li><li><span class=\"text-darkgray\">» </span>\n                <a href=\"/Maquillage/Sourcils\" class=\"text-darkgray\">Toutes les catégories</a></li></ul></div><div class=\"mb-4 col-span-1 lg:block block\"><a href=\"/Maquillage/Levres\" class=\"font-bold text-black\" id=\"category_6_3\">Lèvres</a>\n                            <ul class=\"pt-2 pl-0\"><li><a href=\"/Maquillage/Levres/Rouges-a-levres\" class=\"text-darkgray\" id=\"category_6_3_0\">Rouges à lèvres</a></li><li><a href=\"/Maquillage/Levres/Gloss\" class=\"text-darkgray\" id=\"category_6_3_1\">Gloss</a></li><li><a href=\"/Maquillage/Levres/Crayons-a-levres\" class=\"text-darkgray\" id=\"category_6_3_2\">Crayons à lèvres</a></li><li><a href=\"/Maquillage/Levres/Repulpeur-levres\" class=\"text-darkgray\" id=\"category_6_3_3\">Repulpeur lèvres</a></li><li><a href=\"/Maquillage/Levres/Rouge-a-levres-liquide\" class=\"text-darkgray\" id=\"category_6_3_4\">Rouge à lèvres liquide</a></li><li><span class=\"text-darkgray\">» </span>\n                <a href=\"/Maquillage/Levres\" class=\"text-darkgray\">Toutes les catégories</a></li></ul></div><div class=\"mb-4 hidden xl:block col-span-1 lg:block block\"><a href=\"/Maquillage/Ongles\" class=\"font-bold text-black\" id=\"category_6_4\">Ongles</a>\n                            <ul class=\"pt-2 pl-0\"><li><a href=\"/Maquillage/Ongles/Vernis-a-ongle\" class=\"text-darkgray\" id=\"category_6_4_0\">Vernis à ongle</a></li><li><a href=\"/Maquillage/Ongles/Base-coat\" class=\"text-darkgray\" id=\"category_6_4_1\">Base coat</a></li><li><a href=\"/Maquillage/Ongles/Top-coat\" class=\"text-darkgray\" id=\"category_6_4_2\">Top coat</a></li><li><a href=\"/Maquillage/Ongles/Durcisseur-ongle\" class=\"text-darkgray\" id=\"category_6_4_3\">Durcisseur ongle</a></li><li><a href=\"/Maquillage/Ongles/Limes-a-ongle\" class=\"text-darkgray\" id=\"category_6_4_4\">Limes à ongle</a></li><li><span class=\"text-darkgray\">» </span>\n                <a href=\"/Maquillage/Ongles\" class=\"text-darkgray\">Toutes les catégories</a></li></ul></div><div class=\"mb-4 col-span-1 lg:block block\"><a href=\"/Maquillage/Pinceaux-maquillage\" class=\"font-bold text-black\" id=\"category_6_5\">Pinceaux maquillage</a>\n                            <ul class=\"pt-2 pl-0\"><li><a href=\"/Maquillage/Pinceaux-maquillage/Pinceau-fond-de-teint\" class=\"text-darkgray\" id=\"category_6_5_0\">Pinceau fond de teint</a></li><li><a href=\"/Maquillage/Pinceaux-maquillage/Pinceau-fard-a-paupieres\" class=\"text-darkgray\" id=\"category_6_5_1\">Pinceau fard à paupières</a></li><li><a href=\"/Maquillage/Pinceaux-maquillage/Pinceau-levres\" class=\"text-darkgray\" id=\"category_6_5_2\">Pinceau lèvres</a></li><li><a href=\"/Maquillage/Pinceaux-maquillage/Nettoyant-pinceaux-maquillage\" class=\"text-darkgray\" id=\"category_6_5_3\">Nettoyant pinceaux maquillage</a></li><li><a href=\"/Maquillage/Pinceaux-maquillage/Pinceau-blush\" class=\"text-darkgray\" id=\"category_6_5_4\">Pinceau blush</a></li><li><span class=\"text-darkgray\">» </span>\n                <a href=\"/Maquillage/Pinceaux-maquillage\" class=\"text-darkgray\">Toutes les catégories</a></li></ul></div><div class=\"mb-4 col-span-1 lg:block block\"><a href=\"/Maquillage/Accessoires-sourcils\" class=\"font-bold text-black\" id=\"category_6_6\">Accessoires sourcils</a>\n                            <ul class=\"pt-2 pl-0\"><li><a href=\"/Maquillage/Accessoires-sourcils/Taille-crayon-maquillage\" class=\"text-darkgray\" id=\"category_6_6_0\">Taille-crayon maquillage</a></li><li><a href=\"/Maquillage/Accessoires-sourcils/Miroirs-cosmetiques-et-miroirs-de-maquillage\" class=\"text-darkgray\" id=\"category_6_6_1\">Miroirs cosmétiques et miroirs de maquillage</a></li><li><a href=\"/Maquillage/Accessoires-sourcils/Palette-de-maquillage-vide\" class=\"text-darkgray\" id=\"category_6_6_2\">Palette de maquillage vide</a></li><li><a href=\"/Maquillage/Accessoires-sourcils/Eponges-de-maquillage\" class=\"text-darkgray\" id=\"category_6_6_3\">Éponges de maquillage</a></li><li><a href=\"/Maquillage/Accessoires-sourcils/Eponges-konjac\" class=\"text-darkgray\" id=\"category_6_6_4\">Éponges konjac</a></li><li><span class=\"text-darkgray\">» </span>\n                <a href=\"/Maquillage/Accessoires-sourcils\" class=\"text-darkgray\">Toutes les catégories</a></li></ul></div><div class=\"mb-4 col-span-1 lg:block block\"><a href=\"/Maquillage/Maquillage-waterproof\" class=\"font-bold text-black\" id=\"category_6_7\">Maquillage waterproof</a>\n                            <ul class=\"pt-2 pl-0\"><li><a href=\"/Maquillage/Maquillage-waterproof/Eyeliner-waterproof\" class=\"text-darkgray\" id=\"category_6_7_0\">Eyeliner waterproof</a></li><li><a href=\"/Maquillage/Maquillage-waterproof/Fond-de-teint-waterproof\" class=\"text-darkgray\" id=\"category_6_7_1\">Fond de teint waterproof</a></li><li><a href=\"/Maquillage/Maquillage-waterproof/Mascara-waterproof\" class=\"text-darkgray\" id=\"category_6_7_2\">Mascara waterproof</a></li><li><a href=\"/Maquillage/Maquillage-waterproof/Anti-cernes-waterproof\" class=\"text-darkgray\" id=\"category_6_7_3\">Anti-cernes waterproof</a></li><li><a href=\"/Maquillage/Maquillage-waterproof/Fard-a-paupieres-waterproof\" class=\"text-darkgray\" id=\"category_6_7_4\">Fard à paupières waterproof</a></li><li><span class=\"text-darkgray\">» </span>\n                <a href=\"/Maquillage/Maquillage-waterproof\" class=\"text-darkgray\">Toutes les catégories</a></li></ul></div><div class=\"mb-4 col-span-1 lg:block block\"><a href=\"/Maquillage/Produits-phares\" class=\"font-bold text-black\" id=\"category_6_8\">Produits phares</a>\n                            <ul class=\"pt-2 pl-0\"><li><a href=\"/Maquillage/Produits-phares/Maquillage-glowy\" class=\"text-darkgray\" id=\"category_6_8_0\">Maquillage glowy</a></li><li><a href=\"/Maquillage/Produits-phares/Maquillage-vegan\" class=\"text-darkgray\" id=\"category_6_8_1\">Maquillage vegan</a></li></ul></div><div class=\"mb-4 hidden xl:block col-span-1 lg:block block\"><a href=\"/Maquillage/Format-voyage\" class=\"font-bold text-black\" id=\"category_6_9\">Format voyage</a>\n                            <ul class=\"pt-2 pl-0\"><li><a href=\"/Maquillage/Format-voyage/Yeux\" class=\"text-darkgray\" id=\"category_6_9_0\">Yeux</a></li><li><a href=\"/Maquillage/Format-voyage/Teint\" class=\"text-darkgray\" id=\"category_6_9_1\">Teint</a></li></ul></div></div></div></div>\n        <div class=\"absolute w-screen h-screen bg-black opacity-25 z-10 gray-area justify-start\"></div></div><div id=\"category_7\" class=\"absolute hidden pt-4 left-0 w-full bg-white z-100\"><div class=\"max-w-screen-xl mx-auto\"><div class=\"mx-4 sm:mx-8 md:mx-12 lg:mx-16\"><div class=\"flex grid gap-4 grid-cols-4 xl:grid-cols-5\"><div class=\"mb-4 col-span-1 lg:block block\"><a href=\"/Visage/Soin-visage\" class=\"font-bold text-black\" id=\"category_7_0\">Soin visage</a>\n                            <ul class=\"pt-2 pl-0\"><li><a href=\"/Visage/Soin-visage/Creme-visage\" class=\"text-darkgray\" id=\"category_7_0_0\">Crème visage</a></li><li><a href=\"/Visage/Soin-visage/Creme-anti-rides\" class=\"text-darkgray\" id=\"category_7_0_1\">Crème anti-rides</a></li><li><a href=\"/Visage/Soin-visage/Creme-de-jour\" class=\"text-darkgray\" id=\"category_7_0_2\">Crème de jour</a></li><li><a href=\"/Visage/Soin-visage/Creme-de-nuit\" class=\"text-darkgray\" id=\"category_7_0_3\">Crème de nuit</a></li><li><a href=\"/Visage/Soin-visage/Huile-visage\" class=\"text-darkgray\" id=\"category_7_0_4\">Huile visage</a></li><li><span class=\"text-darkgray\">» </span>\n                <a href=\"/Visage/Soin-visage\" class=\"text-darkgray\">Toutes les catégories</a></li></ul></div><div class=\"mb-4 col-span-1 lg:block block\"><a href=\"/Visage/Serum-visage\" class=\"font-bold text-black\" id=\"category_7_1\">Sérum visage</a>\n                            <ul class=\"pt-2 pl-0\"><li><a href=\"/Visage/Serum-visage/Serum-anti-age\" class=\"text-darkgray\" id=\"category_7_1_0\">Sérum anti-âge</a></li><li><a href=\"/Visage/Serum-visage/Serum-collagene\" class=\"text-darkgray\" id=\"category_7_1_1\">Sérum collagène</a></li><li><a href=\"/Visage/Serum-visage/Serum-hydratant\" class=\"text-darkgray\" id=\"category_7_1_2\">Sérum hydratant</a></li><li><a href=\"/Visage/Serum-visage/Serum-acide-hyaluronique\" class=\"text-darkgray\" id=\"category_7_1_3\">Sérum acide hyaluronique</a></li><li><a href=\"/Visage/Serum-visage/Serum-vitamine-C\" class=\"text-darkgray\" id=\"category_7_1_4\">Sérum vitamine C</a></li><li><span class=\"text-darkgray\">» </span>\n                <a href=\"/Visage/Serum-visage\" class=\"text-darkgray\">Toutes les catégories</a></li></ul></div><div class=\"mb-4 col-span-1 lg:block block\"><a href=\"/Visage/Soin-contour-des-yeux\" class=\"font-bold text-black\" id=\"category_7_2\">Soin contour des yeux</a>\n                            <ul class=\"pt-2 pl-0\"><li><a href=\"/Visage/Soin-contour-des-yeux/Serum-sourcils\" class=\"text-darkgray\" id=\"category_7_2_0\">Sérum sourcils</a></li><li><a href=\"/Visage/Soin-contour-des-yeux/Creme-contour-des-yeux\" class=\"text-darkgray\" id=\"category_7_2_1\">Crème contour des yeux</a></li><li><a href=\"/Visage/Soin-contour-des-yeux/Masques-patchs-pour-les-yeux\" class=\"text-darkgray\" id=\"category_7_2_2\">Masques &amp; patchs pour les yeux</a></li><li><a href=\"/Visage/Soin-contour-des-yeux/Serum-contour-des-yeux\" class=\"text-darkgray\" id=\"category_7_2_3\">Sérum contour des yeux</a></li><li><a href=\"/Visage/Soin-contour-des-yeux/Serum-cils\" class=\"text-darkgray\" id=\"category_7_2_4\">Sérum cils</a></li><li><span class=\"text-darkgray\">» </span>\n                <a href=\"/Visage/Soin-contour-des-yeux\" class=\"text-darkgray\">Toutes les catégories</a></li></ul></div><div class=\"mb-4 col-span-1 lg:block block\"><a href=\"/Visage/Soin-des-levres\" class=\"font-bold text-black\" id=\"category_7_3\">Soin des lèvres</a>\n                            <ul class=\"pt-2 pl-0\"><li><a href=\"/Visage/Soin-des-levres/Baume-a-levres\" class=\"text-darkgray\" id=\"category_7_3_0\">Baume à lèvres</a></li><li><a href=\"/Visage/Soin-des-levres/Masque-pour-les-levres\" class=\"text-darkgray\" id=\"category_7_3_1\">Masque pour les lèvres</a></li><li><a href=\"/Visage/Soin-des-levres/Huile-a-levres\" class=\"text-darkgray\" id=\"category_7_3_2\">Huile à lèvres</a></li><li><a href=\"/Visage/Soin-des-levres/Gommage-a-levres\" class=\"text-darkgray\" id=\"category_7_3_3\">Gommage à lèvres</a></li><li><a href=\"/Visage/Soin-des-levres/Serum-a-levres\" class=\"text-darkgray\" id=\"category_7_3_4\">Sérum à lèvres</a></li></ul></div><div class=\"mb-4 hidden xl:block col-span-1 lg:block block\"><a href=\"/Visage/Soin-par-type-de-peau\" class=\"font-bold text-black\" id=\"category_7_4\">Soin par type de peau</a>\n                            <ul class=\"pt-2 pl-0\"><li><a href=\"/Visage/Soin-par-type-de-peau/Peau-grasse\" class=\"text-darkgray\" id=\"category_7_4_0\">Peau grasse</a></li><li><a href=\"/Visage/Soin-par-type-de-peau/Peau-mixte\" class=\"text-darkgray\" id=\"category_7_4_1\">Peau mixte</a></li><li><a href=\"/Visage/Soin-par-type-de-peau/Peau-sensible\" class=\"text-darkgray\" id=\"category_7_4_2\">Peau sensible</a></li><li><a href=\"/Visage/Soin-par-type-de-peau/Peau-seche\" class=\"text-darkgray\" id=\"category_7_4_3\">Peau sèche</a></li><li><a href=\"/Visage/Soin-par-type-de-peau/Peau-a-imperfections\" class=\"text-darkgray\" id=\"category_7_4_4\">Peau à imperfections</a></li><li><span class=\"text-darkgray\">» </span>\n                <a href=\"/Visage/Soin-par-type-de-peau\" class=\"text-darkgray\">Toutes les catégories</a></li></ul></div><div class=\"mb-4 col-span-1 lg:block block\"><a href=\"/Visage/Masque-visage\" class=\"font-bold text-black\" id=\"category_7_5\">Masque visage</a>\n                            <ul class=\"pt-2 pl-0\"><li><a href=\"/Visage/Masque-visage/Masque-yeux-et-levres\" class=\"text-darkgray\" id=\"category_7_5_0\">Masque yeux et lèvres</a></li><li><a href=\"/Visage/Masque-visage/Masque-hydratant\" class=\"text-darkgray\" id=\"category_7_5_1\">Masque hydratant</a></li><li><a href=\"/Visage/Masque-visage/Masque-purifiant\" class=\"text-darkgray\" id=\"category_7_5_2\">Masque purifiant</a></li><li><a href=\"/Visage/Masque-visage/Masque-a-largile\" class=\"text-darkgray\" id=\"category_7_5_3\">Masque à l'argile</a></li><li><a href=\"/Visage/Masque-visage/Masque-en-tissu\" class=\"text-darkgray\" id=\"category_7_5_4\">Masque en tissu</a></li><li><span class=\"text-darkgray\">» </span>\n                <a href=\"/Visage/Masque-visage\" class=\"text-darkgray\">Toutes les catégories</a></li></ul></div><div class=\"mb-4 col-span-1 lg:block block\"><a href=\"/Visage/Nettoyant-visage\" class=\"font-bold text-black\" id=\"category_7_6\">Nettoyant visage</a>\n                            <ul class=\"pt-2 pl-0\"><li><a href=\"/Visage/Nettoyant-visage/Gommage-visage\" class=\"text-darkgray\" id=\"category_7_6_0\">Gommage visage</a></li><li><a href=\"/Visage/Nettoyant-visage/Lotion-tonique\" class=\"text-darkgray\" id=\"category_7_6_1\">Lotion tonique</a></li><li><a href=\"/Visage/Nettoyant-visage/Eau-micellaire\" class=\"text-darkgray\" id=\"category_7_6_2\">Eau micellaire</a></li><li><a href=\"/Visage/Nettoyant-visage/Gel-nettoyant-visage\" class=\"text-darkgray\" id=\"category_7_6_3\">Gel nettoyant visage</a></li><li><a href=\"/Visage/Nettoyant-visage/Huile-nettoyante-visage\" class=\"text-darkgray\" id=\"category_7_6_4\">Huile nettoyante visage</a></li><li><span class=\"text-darkgray\">» </span>\n                <a href=\"/Visage/Nettoyant-visage\" class=\"text-darkgray\">Toutes les catégories</a></li></ul></div><div class=\"mb-4 col-span-1 lg:block block\"><a href=\"/Visage/Accessoires-beaute\" class=\"font-bold text-black\" id=\"category_7_7\">Accessoires beauté</a>\n                            <ul class=\"pt-2 pl-0\"><li><a href=\"/Visage/Accessoires-beaute/Masseur-pour-le-visage\" class=\"text-darkgray\" id=\"category_7_7_0\">Masseur pour le visage</a></li><li><a href=\"/Visage/Accessoires-beaute/Brosse-nettoyante-visage\" class=\"text-darkgray\" id=\"category_7_7_1\">Brosse nettoyante visage</a></li><li><a href=\"/Visage/Accessoires-beaute/Appareil-nettoyage-visage\" class=\"text-darkgray\" id=\"category_7_7_2\">Appareil nettoyage visage</a></li><li><a href=\"/Visage/Accessoires-beaute/Gua-sha\" class=\"text-darkgray\" id=\"category_7_7_3\">Gua sha</a></li><li><a href=\"/Visage/Accessoires-beaute/Miroir-a-maquillage\" class=\"text-darkgray\" id=\"category_7_7_4\">Miroir à maquillage</a></li><li><span class=\"text-darkgray\">» </span>\n                <a href=\"/Visage/Accessoires-beaute\" class=\"text-darkgray\">Toutes les catégories</a></li></ul></div><div class=\"mb-4 col-span-1 lg:block block\"><a href=\"/Visage/Creme-solaire-visage\" class=\"font-bold text-black\" id=\"category_7_8\">Crème solaire visage</a>\n                            <ul class=\"pt-2 pl-0\"><li><a href=\"/Visage/Creme-solaire-visage/Apres-soleil\" class=\"text-darkgray\" id=\"category_7_8_0\">Après-soleil</a></li><li><a href=\"/Visage/Creme-solaire-visage/Autobronzant\" class=\"text-darkgray\" id=\"category_7_8_1\">Autobronzant</a></li><li><a href=\"/Visage/Creme-solaire-visage/Creme-solaire\" class=\"text-darkgray\" id=\"category_7_8_2\">Crème solaire</a></li><li><a href=\"/Visage/Creme-solaire-visage/Maquillage-solaire\" class=\"text-darkgray\" id=\"category_7_8_3\">Maquillage solaire</a></li></ul></div></div></div></div>\n        <div class=\"absolute w-screen h-screen bg-black opacity-25 z-10 gray-area justify-start\"></div></div><div id=\"category_8\" class=\"absolute hidden pt-4 left-0 w-full bg-white z-100\"><div class=\"max-w-screen-xl mx-auto\"><div class=\"mx-4 sm:mx-8 md:mx-12 lg:mx-16\"><div class=\"flex grid gap-4 grid-cols-4 xl:grid-cols-5\"><div class=\"mb-4 col-span-1 lg:block block\"><a href=\"/Corps/Soin-du-corps\" class=\"font-bold text-black\" id=\"category_8_0\">Soin du corps</a>\n                            <ul class=\"pt-2 pl-0\"><li><a href=\"/Corps/Soin-du-corps/Laits-corps\" class=\"text-darkgray\" id=\"category_8_0_0\">Laits corps</a></li><li><a href=\"/Corps/Soin-du-corps/Deodorants\" class=\"text-darkgray\" id=\"category_8_0_1\">Déodorants</a></li><li><a href=\"/Corps/Soin-du-corps/Beurres-corps\" class=\"text-darkgray\" id=\"category_8_0_2\">Beurres corps</a></li><li><a href=\"/Corps/Soin-du-corps/Huiles-corps\" class=\"text-darkgray\" id=\"category_8_0_3\">Huiles corps</a></li><li><a href=\"/Corps/Soin-du-corps/Produits-anti-cellulite\" class=\"text-darkgray\" id=\"category_8_0_4\">Produits anti-cellulite</a></li><li><span class=\"text-darkgray\">» </span>\n                <a href=\"/Corps/Soin-du-corps\" class=\"text-darkgray\">Toutes les catégories</a></li></ul></div><div class=\"mb-4 col-span-1 lg:block block\"><a href=\"/Corps/Nettoyage-corps\" class=\"font-bold text-black\" id=\"category_8_1\">Nettoyage corps</a>\n                            <ul class=\"pt-2 pl-0\"><li><a href=\"/Corps/Nettoyage-corps/Gels-douche\" class=\"text-darkgray\" id=\"category_8_1_0\">Gels douche</a></li><li><a href=\"/Corps/Nettoyage-corps/Huiles-de-douche\" class=\"text-darkgray\" id=\"category_8_1_1\">Huiles de douche</a></li><li><a href=\"/Corps/Nettoyage-corps/Mousses-de-douche\" class=\"text-darkgray\" id=\"category_8_1_2\">Mousses de douche</a></li><li><a href=\"/Corps/Nettoyage-corps/Gommages-corps\" class=\"text-darkgray\" id=\"category_8_1_3\">Gommages corps</a></li><li><a href=\"/Corps/Nettoyage-corps/Sels-et-bombes-de-bain\" class=\"text-darkgray\" id=\"category_8_1_4\">Sels et bombes de bain</a></li><li><span class=\"text-darkgray\">» </span>\n                <a href=\"/Corps/Nettoyage-corps\" class=\"text-darkgray\">Toutes les catégories</a></li></ul></div><div class=\"mb-4 col-span-1 lg:block block\"><a href=\"/Corps/Soin-des-mains\" class=\"font-bold text-black\" id=\"category_8_2\">Soin des mains</a>\n                            <ul class=\"pt-2 pl-0\"><li><a href=\"/Corps/Soin-des-mains/Cremes-mains\" class=\"text-darkgray\" id=\"category_8_2_0\">Crèmes mains</a></li><li><a href=\"/Corps/Soin-des-mains/Desinfection-des-mains\" class=\"text-darkgray\" id=\"category_8_2_1\">Désinfection des mains</a></li><li><a href=\"/Corps/Soin-des-mains/Masques-mains\" class=\"text-darkgray\" id=\"category_8_2_2\">Masques mains</a></li><li><a href=\"/Corps/Soin-des-mains/Gommages-mains\" class=\"text-darkgray\" id=\"category_8_2_3\">Gommages mains</a></li><li><a href=\"/Corps/Soin-des-mains/Savons-mains\" class=\"text-darkgray\" id=\"category_8_2_4\">Savons mains</a></li></ul></div><div class=\"mb-4 col-span-1 lg:block block\"><a href=\"/Corps/Soin-des-pieds\" class=\"font-bold text-black\" id=\"category_8_3\">Soin des pieds</a>\n                            <ul class=\"pt-2 pl-0\"><li><a href=\"/Corps/Soin-des-pieds/Bains-de-pieds\" class=\"text-darkgray\" id=\"category_8_3_0\">Bains de pieds</a></li><li><a href=\"/Corps/Soin-des-pieds/Cremes-pieds\" class=\"text-darkgray\" id=\"category_8_3_1\">Crèmes pieds</a></li><li><a href=\"/Corps/Soin-des-pieds/Masques-pieds\" class=\"text-darkgray\" id=\"category_8_3_2\">Masques pieds</a></li><li><a href=\"/Corps/Soin-des-pieds/Peeling-pieds\" class=\"text-darkgray\" id=\"category_8_3_3\">Peeling pieds</a></li><li><a href=\"/Corps/Soin-des-pieds/Soins-anti-callosites\" class=\"text-darkgray\" id=\"category_8_3_4\">Soins anti callosités</a></li><li><span class=\"text-darkgray\">» </span>\n                <a href=\"/Corps/Soin-des-pieds\" class=\"text-darkgray\">Toutes les catégories</a></li></ul></div><div class=\"mb-4 hidden xl:block col-span-1 lg:block block\"><a href=\"/Corps/Soin-des-ongles\" class=\"font-bold text-black\" id=\"category_8_4\">Soin des ongles</a>\n                            <ul class=\"pt-2 pl-0\"><li><a href=\"/Corps/Soin-des-ongles/Limes-a-ongles\" class=\"text-darkgray\" id=\"category_8_4_0\">Limes à ongles</a></li><li><a href=\"/Corps/Soin-des-ongles/Coupe-cuticules\" class=\"text-darkgray\" id=\"category_8_4_1\">Coupe-cuticules</a></li><li><a href=\"/Corps/Soin-des-ongles/Coupe-ongles\" class=\"text-darkgray\" id=\"category_8_4_2\">Coupe-ongles</a></li><li><a href=\"/Corps/Soin-des-ongles/Huiles-pour-ongles\" class=\"text-darkgray\" id=\"category_8_4_3\">Huiles pour ongles</a></li><li><a href=\"/Corps/Soin-des-ongles/Ciseaux-a-ongles\" class=\"text-darkgray\" id=\"category_8_4_4\">Ciseaux à ongles</a></li><li><span class=\"text-darkgray\">» </span>\n                <a href=\"/Corps/Soin-des-ongles\" class=\"text-darkgray\">Toutes les catégories</a></li></ul></div><div class=\"mb-4 col-span-1 lg:block block\"><a href=\"/Corps/Coffrets-soins-de-beaute\" class=\"font-bold text-black\" id=\"category_8_5\">Coffrets soins de beauté</a>\n                            <ul class=\"pt-2 pl-0\"><li><a href=\"/Corps/Coffrets-soins-de-beaute/Coffrets-de-bain\" class=\"text-darkgray\" id=\"category_8_5_0\">Coffrets de bain</a></li><li><a href=\"/Corps/Coffrets-soins-de-beaute/Kits-pedicure\" class=\"text-darkgray\" id=\"category_8_5_1\">Kits pédicure</a></li><li><a href=\"/Corps/Coffrets-soins-de-beaute/Coffrets-cadeaux\" class=\"text-darkgray\" id=\"category_8_5_2\">Coffrets cadeaux</a></li><li><a href=\"/Corps/Coffrets-soins-de-beaute/Kits-manucure\" class=\"text-darkgray\" id=\"category_8_5_3\">Kits manucure</a></li><li><a href=\"/Corps/Coffrets-soins-de-beaute/Coffrets-soins-du-corps\" class=\"text-darkgray\" id=\"category_8_5_4\">Coffrets soins du corps</a></li></ul></div><div class=\"mb-4 col-span-1 lg:block block\"><a href=\"/Corps/Accessoires-de-beaute\" class=\"font-bold text-black\" id=\"category_8_6\">Accessoires de beauté</a>\n                            <ul class=\"pt-2 pl-0\"><li><a href=\"/Corps/Accessoires-de-beaute/Fleurs-de-douche\" class=\"text-darkgray\" id=\"category_8_6_0\">Fleurs de douche</a></li><li><a href=\"/Corps/Accessoires-de-beaute/Brosses-pour-le-corps\" class=\"text-darkgray\" id=\"category_8_6_1\">Brosses pour le corps</a></li><li><a href=\"/Corps/Accessoires-de-beaute/Brosses-de-massage\" class=\"text-darkgray\" id=\"category_8_6_2\">Brosses de massage</a></li><li><a href=\"/Corps/Accessoires-de-beaute/Gants-autobronzants\" class=\"text-darkgray\" id=\"category_8_6_3\">Gants autobronzants</a></li><li><a href=\"/Corps/Accessoires-de-beaute/Accessoires-de-pedicure\" class=\"text-darkgray\" id=\"category_8_6_4\">Accessoires de pédicure</a></li><li><span class=\"text-darkgray\">» </span>\n                <a href=\"/Corps/Accessoires-de-beaute\" class=\"text-darkgray\">Toutes les catégories</a></li></ul></div><div class=\"mb-4 col-span-1 lg:block block\"><a href=\"/Corps/Protection-soilaire\" class=\"font-bold text-black\" id=\"category_8_7\">Protection soilaire</a>\n                            <ul class=\"pt-2 pl-0\"><li><a href=\"/Corps/Protection-soilaire/Cremes-apres-soleil\" class=\"text-darkgray\" id=\"category_8_7_0\">Crèmes après soleil</a></li><li><a href=\"/Corps/Protection-soilaire/Autobronzants\" class=\"text-darkgray\" id=\"category_8_7_1\">Autobronzants</a></li><li><a href=\"/Corps/Protection-soilaire/Cremes-solaires\" class=\"text-darkgray\" id=\"category_8_7_2\">Crèmes solaires</a></li></ul></div><div class=\"mb-4 col-span-1 lg:block block\"><a href=\"/Corps/Epilation\" class=\"font-bold text-black\" id=\"category_8_8\">Épilation</a>\n                            <ul class=\"pt-2 pl-0\"><li><a href=\"/Corps/Epilation/Cire-froide-et-chaude\" class=\"text-darkgray\" id=\"category_8_8_0\">Cire froide et chaude</a></li><li><a href=\"/Corps/Epilation/Rasoirs\" class=\"text-darkgray\" id=\"category_8_8_1\">Rasoirs</a></li><li><a href=\"/Corps/Epilation/Produits-de-rasage\" class=\"text-darkgray\" id=\"category_8_8_2\">Produits de rasage</a></li><li><a href=\"/Corps/Epilation/Creme-depilatoire\" class=\"text-darkgray\" id=\"category_8_8_3\">Crème dépilatoire</a></li></ul></div><div class=\"mb-4 hidden xl:block col-span-1 lg:block block\"><a href=\"/Corps/Bain\" class=\"font-bold text-black\" id=\"category_8_9\">Bain</a>\n                            <ul class=\"pt-2 pl-0\"><li><a href=\"/Corps/Bain/Accessoires-de-bain\" class=\"text-darkgray\" id=\"category_8_9_0\">Accessoires de bain</a></li><li><a href=\"/Corps/Bain/Peignoirs-de-bain\" class=\"text-darkgray\" id=\"category_8_9_1\">Peignoirs de bain</a></li><li><a href=\"/Corps/Bain/Serviettes-de-toilette\" class=\"text-darkgray\" id=\"category_8_9_2\">Serviettes de toilette</a></li><li><a href=\"/Corps/Bain/Trousses-de-toilette\" class=\"text-darkgray\" id=\"category_8_9_3\">Trousses de toilette</a></li></ul></div></div></div></div>\n        <div class=\"absolute w-screen h-screen bg-black opacity-25 z-10 gray-area justify-start\"></div></div><div id=\"category_9\" class=\"absolute hidden pt-4 left-0 w-full bg-white z-100\"><div class=\"max-w-screen-xl mx-auto\"><div class=\"mx-4 sm:mx-8 md:mx-12 lg:mx-16\"><div class=\"flex grid gap-4 grid-cols-4 xl:grid-cols-5\"><div class=\"mb-4 col-span-1 lg:block block\"><a href=\"/Soins-hommes/Soins-visage\" class=\"font-bold text-black\" id=\"category_9_0\">Soins visage</a>\n                            <ul class=\"pt-2 pl-0\"><li><a href=\"/Soins-hommes/Soins-visage/Soins-anti-age\" class=\"text-darkgray\" id=\"category_9_0_0\">Soins anti-âge</a></li><li><a href=\"/Soins-hommes/Soins-visage/Cremes-visage\" class=\"text-darkgray\" id=\"category_9_0_1\">Crèmes visage</a></li><li><a href=\"/Soins-hommes/Soins-visage/Nettoyants-visage\" class=\"text-darkgray\" id=\"category_9_0_2\">Nettoyants visage</a></li><li><a href=\"/Soins-hommes/Soins-visage/Serums-visage\" class=\"text-darkgray\" id=\"category_9_0_3\">Sérums visage</a></li><li><a href=\"/Soins-hommes/Soins-visage/Coffrets-soins\" class=\"text-darkgray\" id=\"category_9_0_4\">Coffrets soins</a></li><li><span class=\"text-darkgray\">» </span>\n                <a href=\"/Soins-hommes/Soins-visage\" class=\"text-darkgray\">Toutes les catégories</a></li></ul></div><div class=\"mb-4 col-span-1 lg:block block\"><a href=\"/Soins-hommes/Rasage\" class=\"font-bold text-black\" id=\"category_9_1\">Rasage</a>\n                            <ul class=\"pt-2 pl-0\"><li><a href=\"/Soins-hommes/Rasage/Cremes-a-raser\" class=\"text-darkgray\" id=\"category_9_1_0\">Crèmes à raser</a></li><li><a href=\"/Soins-hommes/Rasage/Rasoirs-peau-humide\" class=\"text-darkgray\" id=\"category_9_1_1\">Rasoirs peau humide</a></li><li><a href=\"/Soins-hommes/Rasage/Baumes-et-lotions-apres-rasage\" class=\"text-darkgray\" id=\"category_9_1_2\">Baumes et lotions après-rasage</a></li><li><a href=\"/Soins-hommes/Rasage/Rasoirs-et-tondeuses-electriques\" class=\"text-darkgray\" id=\"category_9_1_3\">Rasoirs et tondeuses électriques</a></li><li><a href=\"/Soins-hommes/Rasage/Rasoirs-de-surete-et-accessoires\" class=\"text-darkgray\" id=\"category_9_1_4\">Rasoirs de sûreté et accessoires</a></li><li><span class=\"text-darkgray\">» </span>\n                <a href=\"/Soins-hommes/Rasage\" class=\"text-darkgray\">Toutes les catégories</a></li></ul></div><div class=\"mb-4 col-span-1 lg:block block\"><a href=\"/Soins-hommes/Soins-barbe\" class=\"font-bold text-black\" id=\"category_9_2\">Soins barbe</a>\n                            <ul class=\"pt-2 pl-0\"><li><a href=\"/Soins-hommes/Soins-barbe/Baumes-barbe\" class=\"text-darkgray\" id=\"category_9_2_0\">Baumes barbe</a></li><li><a href=\"/Soins-hommes/Soins-barbe/Peignes-et-brosses-barbe\" class=\"text-darkgray\" id=\"category_9_2_1\">Peignes et brosses barbe</a></li><li><a href=\"/Soins-hommes/Soins-barbe/Huiles-barbe\" class=\"text-darkgray\" id=\"category_9_2_2\">Huiles barbe</a></li><li><a href=\"/Soins-hommes/Soins-barbe/Tondeuses-barbe\" class=\"text-darkgray\" id=\"category_9_2_3\">Tondeuses barbe</a></li><li><a href=\"/Soins-hommes/Soins-barbe/Savons-et-shampoings-barbe\" class=\"text-darkgray\" id=\"category_9_2_4\">Savons et shampoings barbe</a></li></ul></div><div class=\"mb-4 col-span-1 lg:block block\"><a href=\"/Soins-hommes/Cheveux\" class=\"font-bold text-black\" id=\"category_9_3\">Cheveux</a>\n                            <ul class=\"pt-2 pl-0\"><li><a href=\"/Soins-hommes/Cheveux/Shampoings\" class=\"text-darkgray\" id=\"category_9_3_0\">Shampoings</a></li><li><a href=\"/Soins-hommes/Cheveux/Pommades-cheveux\" class=\"text-darkgray\" id=\"category_9_3_1\">Pommades cheveux</a></li><li><a href=\"/Soins-hommes/Cheveux/Produits-coiffants\" class=\"text-darkgray\" id=\"category_9_3_2\">Produits coiffants</a></li><li><a href=\"/Soins-hommes/Cheveux/Chute-et-pousse-cheveux\" class=\"text-darkgray\" id=\"category_9_3_3\">Chute et pousse cheveux</a></li><li><a href=\"/Soins-hommes/Cheveux/Brosses-a-cheveux-et-peignes\" class=\"text-darkgray\" id=\"category_9_3_4\">Brosses à cheveux et peignes</a></li><li><span class=\"text-darkgray\">» </span>\n                <a href=\"/Soins-hommes/Cheveux\" class=\"text-darkgray\">Toutes les catégories</a></li></ul></div><div class=\"mb-4 hidden xl:block col-span-1 lg:block block\"><a href=\"/Soins-hommes/Soins-corps\" class=\"font-bold text-black\" id=\"category_9_4\">Soins corps</a>\n                            <ul class=\"pt-2 pl-0\"><li><a href=\"/Soins-hommes/Soins-corps/Cremes-corps\" class=\"text-darkgray\" id=\"category_9_4_0\">Crèmes corps</a></li><li><a href=\"/Soins-hommes/Soins-corps/Deodorants-et-anti-transpirants\" class=\"text-darkgray\" id=\"category_9_4_1\">Déodorants et anti-transpirants</a></li><li><a href=\"/Soins-hommes/Soins-corps/Gels-douche\" class=\"text-darkgray\" id=\"category_9_4_2\">Gels douche</a></li><li><a href=\"/Soins-hommes/Soins-corps/Hygiene-et-gommages-corps\" class=\"text-darkgray\" id=\"category_9_4_3\">Hygiène et gommages corps</a></li><li><a href=\"/Soins-hommes/Soins-corps/Savons\" class=\"text-darkgray\" id=\"category_9_4_4\">Savons</a></li><li><span class=\"text-darkgray\">» </span>\n                <a href=\"/Soins-hommes/Soins-corps\" class=\"text-darkgray\">Toutes les catégories</a></li></ul></div></div></div></div>\n        <div class=\"absolute w-screen h-screen bg-black opacity-25 z-10 gray-area justify-start\"></div></div><div id=\"category_10\" class=\"absolute hidden pt-4 left-0 w-full bg-white z-100\"><div class=\"max-w-screen-xl mx-auto\"><div class=\"mx-4 sm:mx-8 md:mx-12 lg:mx-16\"><div class=\"flex grid gap-4 grid-cols-4 xl:grid-cols-5\"><div class=\"mb-4 col-span-1 lg:block block\"><a href=\"/Droguerie/Soin-du-visage\" class=\"font-bold text-black\" id=\"category_10_0\">Soin du visage</a>\n                            <ul class=\"pt-2 pl-0\"><li><a href=\"/Droguerie/Soin-du-visage/Anti-age\" class=\"text-darkgray\" id=\"category_10_0_0\">Anti-âge</a></li><li><a href=\"/Droguerie/Soin-du-visage/Yeux\" class=\"text-darkgray\" id=\"category_10_0_1\">Yeux</a></li><li><a href=\"/Droguerie/Soin-du-visage/Levres\" class=\"text-darkgray\" id=\"category_10_0_2\">Lèvres</a></li><li><a href=\"/Droguerie/Soin-du-visage/Soin-de-nuit\" class=\"text-darkgray\" id=\"category_10_0_3\">Soin de nuit</a></li><li><a href=\"/Droguerie/Soin-du-visage/Soin-de-jour\" class=\"text-darkgray\" id=\"category_10_0_4\">Soin de jour</a></li><li><span class=\"text-darkgray\">» </span>\n                <a href=\"/Droguerie/Soin-du-visage\" class=\"text-darkgray\">Toutes les catégories</a></li></ul></div><div class=\"mb-4 col-span-1 lg:block block\"><a href=\"/Droguerie/Cheveux\" class=\"font-bold text-black\" id=\"category_10_1\">Cheveux</a>\n                            <ul class=\"pt-2 pl-0\"><li><a href=\"/Droguerie/Cheveux/Revitalisant\" class=\"text-darkgray\" id=\"category_10_1_0\">Revitalisant</a></li><li><a href=\"/Droguerie/Cheveux/Soin-des-cheveux\" class=\"text-darkgray\" id=\"category_10_1_1\">Soin des cheveux</a></li><li><a href=\"/Droguerie/Cheveux/Shampooing\" class=\"text-darkgray\" id=\"category_10_1_2\">Shampooing</a></li><li><a href=\"/Droguerie/Cheveux/Couleur-des-cheveux\" class=\"text-darkgray\" id=\"category_10_1_3\">Couleur des cheveux</a></li><li><a href=\"/Droguerie/Cheveux/Coiffure\" class=\"text-darkgray\" id=\"category_10_1_4\">Coiffure</a></li></ul></div><div class=\"mb-4 col-span-1 lg:block block\"><a href=\"/Droguerie/Soin-du-corps\" class=\"font-bold text-black\" id=\"category_10_2\">Soin du corps</a>\n                            <ul class=\"pt-2 pl-0\"><li><a href=\"/Droguerie/Soin-du-corps/Mains-et-pieds\" class=\"text-darkgray\" id=\"category_10_2_0\">Mains et pieds</a></li><li><a href=\"/Droguerie/Soin-du-corps/Lotions\" class=\"text-darkgray\" id=\"category_10_2_1\">Lotions</a></li><li><a href=\"/Droguerie/Soin-du-corps/Huiles\" class=\"text-darkgray\" id=\"category_10_2_2\">Huiles</a></li><li><a href=\"/Droguerie/Soin-du-corps/Nettoyage\" class=\"text-darkgray\" id=\"category_10_2_3\">Nettoyage</a></li><li><a href=\"/Droguerie/Soin-du-corps/Soleil\" class=\"text-darkgray\" id=\"category_10_2_4\">Soleil</a></li><li><span class=\"text-darkgray\">» </span>\n                <a href=\"/Droguerie/Soin-du-corps\" class=\"text-darkgray\">Toutes les catégories</a></li></ul></div><div class=\"mb-4 col-span-1 lg:block block\"><a href=\"/Droguerie/Maquillage\" class=\"font-bold text-black\" id=\"category_10_3\">Maquillage</a>\n                            <ul class=\"pt-2 pl-0\"><li><a href=\"/Droguerie/Maquillage/Yeux\" class=\"text-darkgray\" id=\"category_10_3_0\">Yeux</a></li><li><a href=\"/Droguerie/Maquillage/Levres\" class=\"text-darkgray\" id=\"category_10_3_1\">Lèvres</a></li><li><a href=\"/Droguerie/Maquillage/Ongles\" class=\"text-darkgray\" id=\"category_10_3_2\">Ongles</a></li><li><a href=\"/Droguerie/Maquillage/Pinceau\" class=\"text-darkgray\" id=\"category_10_3_3\">Pinceau</a></li><li><a href=\"/Droguerie/Maquillage/Maquillage-du-visage\" class=\"text-darkgray\" id=\"category_10_3_4\">Maquillage du visage</a></li></ul></div><div class=\"mb-4 hidden xl:block col-span-1 lg:block block\"><a href=\"/Droguerie/Parfum\" class=\"font-bold text-black\" id=\"category_10_4\">Parfum</a>\n                            <ul class=\"pt-2 pl-0\"><li><a href=\"/Droguerie/Parfum/Femmes\" class=\"text-darkgray\" id=\"category_10_4_0\">Femmes</a></li><li><a href=\"/Droguerie/Parfum/Hommes\" class=\"text-darkgray\" id=\"category_10_4_1\">Hommes</a></li></ul></div><div class=\"mb-4 col-span-1 lg:block block\"><a href=\"/Droguerie/Accessoires\" class=\"font-bold text-black\" id=\"category_10_5\">Accessoires</a>\n                            <ul class=\"pt-2 pl-0\"><li><a href=\"/Droguerie/Accessoires/Autres\" class=\"text-darkgray\" id=\"category_10_5_0\">Autres</a></li></ul></div></div></div></div>\n        <div class=\"absolute w-screen h-screen bg-black opacity-25 z-10 gray-area justify-start\"></div></div><div id=\"category_11\" class=\"absolute hidden pt-4 left-0 w-full bg-white z-100\"><div class=\"max-w-screen-xl mx-auto\"><div class=\"mx-4 sm:mx-8 md:mx-12 lg:mx-16\"><div class=\"flex grid gap-4 grid-cols-4 xl:grid-cols-5\"><div class=\"mb-4 col-span-1 lg:block block\"><a href=\"/Nature/Visage\" class=\"font-bold text-black\" id=\"category_11_0\">Visage</a>\n                            <ul class=\"pt-2 pl-0\"><li><a href=\"/Nature/Visage/Soin-du-visage\" class=\"text-darkgray\" id=\"category_11_0_0\">Soin du visage</a></li><li><a href=\"/Nature/Visage/Soin-pour-les-yeux\" class=\"text-darkgray\" id=\"category_11_0_1\">Soin pour les yeux</a></li><li><a href=\"/Nature/Visage/Nettoyage\" class=\"text-darkgray\" id=\"category_11_0_2\">Nettoyage</a></li><li><a href=\"/Nature/Visage/Masques\" class=\"text-darkgray\" id=\"category_11_0_3\">Masques</a></li><li><a href=\"/Nature/Visage/Hommes\" class=\"text-darkgray\" id=\"category_11_0_4\">Hommes</a></li><li><span class=\"text-darkgray\">» </span>\n                <a href=\"/Nature/Visage\" class=\"text-darkgray\">Toutes les catégories</a></li></ul></div><div class=\"mb-4 col-span-1 lg:block block\"><a href=\"/Nature/Parfum\" class=\"font-bold text-black\" id=\"category_11_1\">Parfum</a>\n                            <ul class=\"pt-2 pl-0\"><li><a href=\"/Nature/Parfum/Femmes\" class=\"text-darkgray\" id=\"category_11_1_0\">Femmes</a></li><li><a href=\"/Nature/Parfum/Unisexe\" class=\"text-darkgray\" id=\"category_11_1_1\">Unisexe</a></li></ul></div><div class=\"mb-4 col-span-1 lg:block block\"><a href=\"/Nature/Maquillage\" class=\"font-bold text-black\" id=\"category_11_2\">Maquillage</a>\n                            <ul class=\"pt-2 pl-0\"><li><a href=\"/Nature/Maquillage/Yeux\" class=\"text-darkgray\" id=\"category_11_2_0\">Yeux</a></li><li><a href=\"/Nature/Maquillage/Levres\" class=\"text-darkgray\" id=\"category_11_2_1\">Lèvres</a></li><li><a href=\"/Nature/Maquillage/Ongles\" class=\"text-darkgray\" id=\"category_11_2_2\">Ongles</a></li><li><a href=\"/Nature/Maquillage/Maquillage-du-visage\" class=\"text-darkgray\" id=\"category_11_2_3\">Maquillage du visage</a></li></ul></div><div class=\"mb-4 col-span-1 lg:block block\"><a href=\"/Nature/Corps\" class=\"font-bold text-black\" id=\"category_11_3\">Corps</a>\n                            <ul class=\"pt-2 pl-0\"><li><a href=\"/Nature/Corps/Soin-du-corps\" class=\"text-darkgray\" id=\"category_11_3_0\">Soin du corps</a></li><li><a href=\"/Nature/Corps/Nettoyage\" class=\"text-darkgray\" id=\"category_11_3_1\">Nettoyage</a></li><li><a href=\"/Nature/Corps/Creme-solaire\" class=\"text-darkgray\" id=\"category_11_3_2\">Crème solaire</a></li><li><a href=\"/Nature/Corps/Mains-et-pieds\" class=\"text-darkgray\" id=\"category_11_3_3\">Mains et pieds</a></li><li><a href=\"/Nature/Corps/Hommes\" class=\"text-darkgray\" id=\"category_11_3_4\">Hommes</a></li><li><span class=\"text-darkgray\">» </span>\n                <a href=\"/Nature/Corps\" class=\"text-darkgray\">Toutes les catégories</a></li></ul></div><div class=\"mb-4 hidden xl:block col-span-1 lg:block block\"><a href=\"/Nature/Cheveux\" class=\"font-bold text-black\" id=\"category_11_4\">Cheveux</a>\n                            <ul class=\"pt-2 pl-0\"><li><a href=\"/Nature/Cheveux/Coloration\" class=\"text-darkgray\" id=\"category_11_4_0\">Coloration</a></li><li><a href=\"/Nature/Cheveux/Revitalisant\" class=\"text-darkgray\" id=\"category_11_4_1\">Revitalisant</a></li><li><a href=\"/Nature/Cheveux/Soin-des-cheveux\" class=\"text-darkgray\" id=\"category_11_4_2\">Soin des cheveux</a></li><li><a href=\"/Nature/Cheveux/Shampooing\" class=\"text-darkgray\" id=\"category_11_4_3\">Shampooing</a></li><li><a href=\"/Nature/Cheveux/Coiffure\" class=\"text-darkgray\" id=\"category_11_4_4\">Coiffure</a></li></ul></div><div class=\"mb-4 col-span-1 lg:block block\"><a href=\"/Nature/Cosmetiques-naturels-certifies\" class=\"font-bold text-black\" id=\"category_11_5\">Cosmétiques naturels certifiés</a>\n                            <ul class=\"pt-2 pl-0\"><li><a href=\"/Nature/Cosmetiques-naturels-certifies/MADARA\" class=\"text-darkgray\" id=\"category_11_5_0\">MÁDARA</a></li><li><a href=\"/Nature/Cosmetiques-naturels-certifies/Dr-Hauschka\" class=\"text-darkgray\" id=\"category_11_5_1\">Dr. Hauschka</a></li><li><a href=\"/Nature/Cosmetiques-naturels-certifies/Hej-Organic\" class=\"text-darkgray\" id=\"category_11_5_2\">Hej Organic</a></li><li><a href=\"/Nature/Cosmetiques-naturels-certifies/Heliotrop\" class=\"text-darkgray\" id=\"category_11_5_3\">Heliotrop</a></li><li><a href=\"/Nature/Cosmetiques-naturels-certifies/Lavera\" class=\"text-darkgray\" id=\"category_11_5_4\">Lavera</a></li><li><span class=\"text-darkgray\">» </span>\n                <a href=\"/Nature/Cosmetiques-naturels-certifies\" class=\"text-darkgray\">Toutes les catégories</a></li></ul></div></div></div></div>\n        <div class=\"absolute w-screen h-screen bg-black opacity-25 z-10 gray-area justify-start\"></div></div><div id=\"category_12\" class=\"absolute hidden pt-4 left-0 w-full bg-white z-100\"><div class=\"max-w-screen-xl mx-auto\"><div class=\"mx-4 sm:mx-8 md:mx-12 lg:mx-16\"><div class=\"flex grid gap-4 grid-cols-4 xl:grid-cols-5\"><div class=\"mb-4 col-span-1 lg:block block\"><a href=\"/Sante/Pansements-et-Soin-des-plaies\" class=\"font-bold text-black\" id=\"category_12_0\">Pansements et Soin des plaies</a>\n                            <ul class=\"pt-2 pl-0\"><li><a href=\"/Sante/Pansements-et-Soin-des-plaies/Cicatrisation\" class=\"text-darkgray\" id=\"category_12_0_0\">Cicatrisation</a></li><li><a href=\"/Sante/Pansements-et-Soin-des-plaies/Sparadraps\" class=\"text-darkgray\" id=\"category_12_0_1\">Sparadraps</a></li><li><a href=\"/Sante/Pansements-et-Soin-des-plaies/Soin-des-plaies\" class=\"text-darkgray\" id=\"category_12_0_2\">Soin des plaies</a></li><li><a href=\"/Sante/Pansements-et-Soin-des-plaies/Compression\" class=\"text-darkgray\" id=\"category_12_0_3\">Compression</a></li></ul></div><div class=\"mb-4 col-span-1 lg:block block\"><a href=\"/Sante/Sex-toys\" class=\"font-bold text-black\" id=\"category_12_1\">Sex-toys</a>\n                            <ul class=\"pt-2 pl-0\"><li><a href=\"/Sante/Sex-toys/Preservatifs\" class=\"text-darkgray\" id=\"category_12_1_0\">Préservatifs</a></li><li><a href=\"/Sante/Sex-toys/Vibromasseurs\" class=\"text-darkgray\" id=\"category_12_1_1\">Vibromasseurs</a></li></ul></div><div class=\"mb-4 col-span-1 lg:block block\"><a href=\"/Sante/Aromatherapie\" class=\"font-bold text-black\" id=\"category_12_2\">Aromathérapie</a>\n                            <ul class=\"pt-2 pl-0\"><li><a href=\"/Sante/Aromatherapie/Huiles-essentielles\" class=\"text-darkgray\" id=\"category_12_2_0\">Huiles essentielles</a></li><li><a href=\"/Sante/Aromatherapie/Diffuseurs-de-parfum\" class=\"text-darkgray\" id=\"category_12_2_1\">Diffuseurs de parfum</a></li><li><a href=\"/Sante/Aromatherapie/Melanges-aromatiques\" class=\"text-darkgray\" id=\"category_12_2_2\">Mélanges aromatiques</a></li></ul></div><div class=\"mb-4 col-span-1 lg:block block\"><a href=\"/Sante/Refroidissement\" class=\"font-bold text-black\" id=\"category_12_3\">Refroidissement</a>\n                            <ul class=\"pt-2 pl-0\"><li><a href=\"/Sante/Refroidissement/Cou\" class=\"text-darkgray\" id=\"category_12_3_0\">Cou</a></li><li><a href=\"/Sante/Refroidissement/Toux\" class=\"text-darkgray\" id=\"category_12_3_1\">Toux</a></li><li><a href=\"/Sante/Refroidissement/Oreille-front\" class=\"text-darkgray\" id=\"category_12_3_2\">Oreille &amp; front</a></li><li><a href=\"/Sante/Refroidissement/Rhume\" class=\"text-darkgray\" id=\"category_12_3_3\">Rhume</a></li></ul></div><div class=\"mb-4 hidden xl:block col-span-1 lg:block block\"><a href=\"/Sante/Desinfection\" class=\"font-bold text-black\" id=\"category_12_4\">Désinfection</a>\n                            <ul class=\"pt-2 pl-0\"><li><a href=\"/Sante/Desinfection/Masques-de-protection\" class=\"text-darkgray\" id=\"category_12_4_0\">Masques de protection</a></li><li><a href=\"/Sante/Desinfection/Gel-desinfectant\" class=\"text-darkgray\" id=\"category_12_4_1\">Gel désinfectant</a></li><li><a href=\"/Sante/Desinfection/Spray-desinfectant\" class=\"text-darkgray\" id=\"category_12_4_2\">Spray désinfectant</a></li></ul></div><div class=\"mb-4 col-span-1 lg:block block\"><a href=\"/Sante/Bien-etre-et-raffermissement\" class=\"font-bold text-black\" id=\"category_12_5\">Bien-être et raffermissement</a>\n                            <ul class=\"pt-2 pl-0\"><li><a href=\"/Sante/Bien-etre-et-raffermissement/Nerfs-et-apaisement\" class=\"text-darkgray\" id=\"category_12_5_0\">Nerfs et apaisement</a></li><li><a href=\"/Sante/Bien-etre-et-raffermissement/Systeme-cardio-vasculaire\" class=\"text-darkgray\" id=\"category_12_5_1\">Système cardio-vasculaire</a></li><li><a href=\"/Sante/Bien-etre-et-raffermissement/Muscles-et-articulations\" class=\"text-darkgray\" id=\"category_12_5_2\">Muscles et articulations</a></li></ul></div><div class=\"mb-4 col-span-1 lg:block block\"><a href=\"/Sante/Hygiene-feminine\" class=\"font-bold text-black\" id=\"category_12_6\">Hygiène féminine</a>\n                            <ul class=\"pt-2 pl-0\"><li><a href=\"/Sante/Hygiene-feminine/Sante-feminine\" class=\"text-darkgray\" id=\"category_12_6_0\">Santé féminine</a></li><li><a href=\"/Sante/Hygiene-feminine/Produits-de-soins-pour-la-grossesse\" class=\"text-darkgray\" id=\"category_12_6_1\">Produits de soins pour la grossesse</a></li></ul></div></div></div></div>\n        <div class=\"absolute w-screen h-screen bg-black opacity-25 z-10 gray-area justify-start\"></div></div></div></div>        <div id=\"app-content\">\n            <div class=\"screen-layout\">\n                <div class=\" main-grid\">\n                    \n\n\n<script>var delayedFunctions = delayedFunctions || [];delayedFunctions.push({ f: 'pd.ttm.pushEvent', p: \"{\\u0022category01\\u0022:null,\\u0022category02\\u0022:null,\\u0022category03\\u0022:null,\\u0022category04\\u0022:null,\\u0022content_id\\u0022:\\u0022Homepage\\u0022,\\u0022page_id\\u0022:\\u0022Homepage\\u0022,\\u0022page_url\\u0022:null,\\u0022sitegroup\\u0022:\\u0022Start\\u0022,\\u0022tealium_event\\u0022:\\u0022page_view\\u0022,\\u0022shop_type\\u0022:\\u0022shop\\u0022,\\u0022currency\\u0022:\\u0022EUR\\u0022,\\u0022country_code\\u0022:\\u0022FR\\u0022,\\u0022language_code\\u0022:\\u0022fr\\u0022,\\u0022layer_name\\u0022:null,\\u0022environment\\u0022:\\u0022Production\\u0022,\\u0022emarsys_category\\u0022:null,\\u0022purchase\\u0022:\\u00220\\u0022,\\u0022order_id\\u0022:null,\\u0022total_price_gross\\u0022:null,\\u0022category_id\\u0022:null,\\u0022delivery_address_type\\u0022:null,\\u0022delivery_mode\\u0022:null,\\u0022payment_method\\u0022:null,\\u0022addtobasket_source\\u0022:null,\\u0022primary_product_additions\\u0022:null,\\u0022primary_product_availability_status\\u0022:null,\\u0022primary_product_backfill\\u0022:null,\\u0022primary_product_brand\\u0022:null,\\u0022primary_product_classification\\u0022:null,\\u0022primary_product_color\\u0022:null,\\u0022primary_product_id\\u0022:null,\\u0022primary_product_interaction\\u0022:null,\\u0022primary_product_maincategory\\u0022:null,\\u0022primary_product_master_id\\u0022:null,\\u0022primary_product_master_name\\u0022:null,\\u0022primary_product_name\\u0022:null,\\u0022primary_product_onsale\\u0022:null,\\u0022primary_product_price\\u0022:null,\\u0022primary_product_price_regular\\u0022:null,\\u0022primary_product_quantity\\u0022:null,\\u0022primary_product_size\\u0022:null,\\u0022primary_product_style\\u0022:null,\\u0022primary_product_type\\u0022:null,\\u0022primary_product_variant_name\\u0022:null,\\u0022primary_product_variants\\u0022:null,\\u0022primary_product_vendor\\u0022:null,\\u0022primary_product_view_type\\u0022:null,\\u0022promotion_action\\u0022:null,\\u0022promotion_code\\u0022:null,\\u0022promotion_coupon_entered\\u0022:null,\\u0022promotion_coupon_redeemed\\u0022:null,\\u0022promotion_coupon_redeemed_type\\u0022:null,\\u0022promotion_discount_value\\u0022:null,\\u0022shipping_costs\\u0022:null,\\u0022total_price_net\\u0022:null,\\u0022basket_ID\\u0022:\\u0060${(typeof(pd.utils.getApiOrderCookie()?.orderPositions?.length \\u003E 0 ? pd.utils.getApiOrderCookie().shoppingCartId.toString() : null) === \\u0027undefined\\u0027 || (pd.utils.getApiOrderCookie()?.orderPositions?.length \\u003E 0 ? pd.utils.getApiOrderCookie().shoppingCartId.toString() : null) === null) ? null : pd.utils.getApiOrderCookie()?.orderPositions?.length \\u003E 0 ? pd.utils.getApiOrderCookie().shoppingCartId.toString() : null}\\u0060,\\u0022checkout_payment_start\\u0022:null,\\u0022cart_view\\u0022:null,\\u0022go_to_checkout\\u0022:null,\\u0022renderedArticleIds\\u0022:[\\u00221242880\\u0022,\\u00221238097\\u0022,\\u00221228003\\u0022,\\u00221234869\\u0022,\\u00221241312\\u0022,\\u00221238094\\u0022,\\u00221229715\\u0022,\\u00221234870\\u0022,\\u00221237143\\u0022,\\u00221226518\\u0022,\\u00221212216\\u0022,\\u00221223686\\u0022,\\u00221220442\\u0022,\\u00221226516\\u0022,\\u00221214396\\u0022,\\u00221219886\\u0022,\\u00221230167\\u0022,\\u00221233183\\u0022,\\u00221219396\\u0022,\\u00221221994\\u0022,\\u00221058157\\u0022,\\u00221228717\\u0022,\\u00221232682\\u0022,\\u00221227614\\u0022,\\u00221228722\\u0022,\\u00221230178\\u0022,\\u00221227018\\u0022,\\u00221230177\\u0022,\\u0022367826\\u0022,\\u0022708800\\u0022,\\u0022430163\\u0022,\\u0022818762\\u0022,\\u00221027979\\u0022,\\u0022695162\\u0022,\\u0022971482\\u0022,\\u0022289686\\u0022,\\u0022796849\\u0022,\\u0022847317\\u0022,\\u00221000703\\u0022,\\u0022293494\\u0022],\\u0022renderedVariationIds\\u0022:[\\u0022224578\\u0022,\\u0022223693\\u0022,\\u0022224253\\u0022,\\u0022222908\\u0022,\\u0022224583\\u0022,\\u0022223692\\u0022,\\u0022224269\\u0022,\\u0022222907\\u0022,\\u0022223690\\u0022,\\u0022224384\\u0022,\\u0022222755\\u0022,\\u0022222282\\u0022,\\u0022222759\\u0022,\\u0022224387\\u0022,\\u0022223856\\u0022,\\u0022219730\\u0022,\\u0022223917\\u0022,\\u0022222761\\u0022,\\u0022222395\\u0022,\\u0022222175\\u0022,\\u0022221627\\u0022,\\u0022223428\\u0022,\\u0022224187\\u0022,\\u0022223029\\u0022,\\u0022223410\\u0022,\\u0022223231\\u0022,\\u0022221988\\u0022,\\u0022223234\\u0022,\\u0022175353\\u0022,\\u00221064\\u0022,\\u0022216899\\u0022,\\u002267219\\u0022,\\u0022181641\\u0022,\\u002250933\\u0022,\\u002211948\\u0022,\\u0022133971\\u0022,\\u0022150631\\u0022,\\u002274256\\u0022,\\u0022174903\\u0022,\\u0022142102\\u0022],\\u0022primary_product_sku\\u0022:null,\\u0022shipping_country\\u0022:null,\\u0022promotion_voucher_affvalid\\u0022:null,\\u0022renderedMasterIds\\u0022:[\\u0022138500\\u0022,\\u0022138056\\u0022,\\u0022138314\\u0022,\\u0022137601\\u0022,\\u0022138503\\u0022,\\u0022138055\\u0022,\\u0022138329\\u0022,\\u0022137600\\u0022,\\u0022138053\\u0022,\\u0022138384\\u0022,\\u0022137472\\u0022,\\u0022137283\\u0022,\\u0022137473\\u0022,\\u0022138123\\u0022,\\u0022138113\\u0022,\\u0022135949\\u0022,\\u0022138160\\u0022,\\u0022137476\\u0022,\\u0022137329\\u0022,\\u0022137240\\u0022,\\u0022136913\\u0022,\\u0022137904\\u0022,\\u0022138278\\u0022,\\u002226754\\u0022,\\u0022137893\\u0022,\\u0022137789\\u0022,\\u0022137136\\u0022,\\u0022137791\\u0022,\\u002283631\\u0022,\\u002210908\\u0022,\\u0022134468\\u0022,\\u002247343\\u0022,\\u0022115115\\u0022,\\u002238746\\u0022,\\u002217304\\u0022,\\u002286932\\u0022,\\u002292227\\u0022,\\u002251397\\u0022,\\u0022102357\\u0022,\\u002292044\\u0022],\\u0022cdc_id\\u0022:null,\\u0022o_id\\u0022:null,\\u0022customer_birthday\\u0022:null,\\u0022customer_gender\\u0022:null,\\u0022customer_id\\u0022:null,\\u0022customer_email\\u0022:null,\\u0022customer_login_status\\u0022:null,\\u0022customer_status\\u0022:null,\\u0022customer_status_shop\\u0022:null,\\u0022login_failed\\u0022:null,\\u0022addtowishlist_source\\u0022:null,\\u0022removefromwishlist_source\\u0022:null,\\u0022customer_subscription_status\\u0022:null,\\u0022search_box_searches\\u0022:null,\\u0022search_filter_criteria\\u0022:null,\\u0022search_filter_usage\\u0022:null,\\u0022search_origin\\u0022:null,\\u0022search_query\\u0022:null,\\u0022search_result\\u0022:null,\\u0022search_result_click\\u0022:null,\\u0022search_result_type\\u0022:null,\\u0022search_sort_criteria\\u0022:null,\\u0022appointment_start\\u0022:null,\\u0022appointment_success\\u0022:null,\\u0022subscription_preference\\u0022:null,\\u0022newsletter_registration_email_confirm\\u0022:null,\\u0022error_message\\u0022:null,\\u0022error_object_code\\u0022:null}\" });</script><div class=\"col-span-full\">\n                    </div><div class=\"col-span-full\"><div class=\"overflow-hidden relative -mx-4 -sm:mx-8 -md:mx-12 lg:mx-0 flickity-teaser-box flickity-enabled is-draggable\" data-flickity=\"{&quot;wrapAround&quot;:true,&quot;lazyLoad&quot;:1,&quot;autoPlay&quot;:7500,&quot;arrowShape&quot;:&quot;M 25,50 L 60,85 L 65,80 L 35,50 L 65,20 L 60,15 Z&quot;,&quot;pageDots&quot;:true,&quot;prevNextButtons&quot;:true}\" tabindex=\"0\"><div class=\"flickity-viewport\" style=\"height: 354.797px;\"><div class=\"flickity-slider\" style=\"transform: translate3d(0%, 0px, 0px);\"><a href=\"/Fetes-des-meres\" class=\"block w-full flickity-cell is-selected\" data-behaviour=\"utag-link-event\" data-props=\"{&quot;content_id&quot;:&quot;Homepage&quot;,&quot;interaction_element&quot;:&quot;Content-Muttertag-KW20&quot;,&quot;interaction_object&quot;:&quot;homepage.index1.banner.Content-Muttertag-KW20&quot;,&quot;interaction_position&quot;:&quot;P0-0&quot;,&quot;interaction_type&quot;:&quot;click&quot;,&quot;interaction_component_name&quot;:null,&quot;interaction_type_parent&quot;:&quot;Index1&quot;,&quot;interaction_type_detail&quot;:&quot;Banner&quot;,&quot;interaction_page_position&quot;:&quot;P0&quot;,&quot;interaction_click&quot;:&quot;click&quot;}\" data-initialized=\"true\" style=\"transform: translateX(0%);\"><div class=\" mt-8 lg:mt-0\"><picture><source media=\"(max-width: 768px)\" src=\"https://cdn2.parfumdreams.de/image/cms/302659-0.webp?imwidth=575\" srcset=\"https://cdn2.parfumdreams.de/image/cms/302659-0.webp?imwidth=575, https://cdn2.parfumdreams.de/image/cms/302659-0.webp?imwidth=1150 2x\" loading=\"eager\" class=\"w-full mb-13 md:mb-15\" fetchpriority=\"high\">\n            <source media=\"(min-width: 769px)\" src=\"https://cdn2.parfumdreams.de/image/cms/302658-0.webp?imwidth=1312\" srcset=\"https://cdn2.parfumdreams.de/image/cms/302658-0.webp?imwidth=1312, https://cdn2.parfumdreams.de/image/cms/302658-0.webp?imwidth=2624 2x\" loading=\"eager\" class=\"w-full mb-13 md:mb-15\" fetchpriority=\"high\">\n            <img src=\"https://cdn2.parfumdreams.de/image/cms/302658-0.webp?imwidth=1312\" srcset=\"https://cdn2.parfumdreams.de/image/cms/302658-0.webp?imwidth=1312, https://cdn2.parfumdreams.de/image/cms/302658-0.webp?imwidth=2624 2x\" alt=\"Content-Muttertag-KW20\" loading=\"eager\" fetchpriority=\"high\" class=\"w-full mb-13 md:mb-15 aspect-[var(--aspect-mobile)] md:aspect-[var(--aspect-desktop)]\" style=\"--aspect-mobile: 1600 / 1600; --aspect-desktop: 1600 / 440\"></picture></div></a><a href=\"/Wedding-season\" class=\"block w-full absolute left-0 flickity-cell\" data-behaviour=\"utag-link-event\" data-props=\"{&quot;content_id&quot;:&quot;Homepage&quot;,&quot;interaction_element&quot;:&quot;Content-Wedding-KW18&quot;,&quot;interaction_object&quot;:&quot;homepage.index1.banner.Content-Wedding-KW18&quot;,&quot;interaction_position&quot;:&quot;P0-1&quot;,&quot;interaction_type&quot;:&quot;click&quot;,&quot;interaction_component_name&quot;:null,&quot;interaction_type_parent&quot;:&quot;Index1&quot;,&quot;interaction_type_detail&quot;:&quot;Banner&quot;,&quot;interaction_page_position&quot;:&quot;P0&quot;,&quot;interaction_click&quot;:&quot;click&quot;}\" data-initialized=\"true\" aria-hidden=\"true\" style=\"transform: translateX(98.6%);\"><div class=\" mt-8 lg:mt-0\"><picture class=\"flickity-lazyloaded\"><source media=\"(max-width: 768px)\" loading=\"eager\" class=\"w-full mb-13 md:mb-15\" src=\"https://cdn2.parfumdreams.de/image/cms/302088-0.webp?imwidth=575\" srcset=\"https://cdn2.parfumdreams.de/image/cms/302088-0.webp?imwidth=575, https://cdn2.parfumdreams.de/image/cms/302088-0.webp?imwidth=1150 2x\">\n            <source media=\"(min-width: 769px)\" loading=\"eager\" class=\"w-full mb-13 md:mb-15\" src=\"https://cdn2.parfumdreams.de/image/cms/302087-0.webp?imwidth=1312\" srcset=\"https://cdn2.parfumdreams.de/image/cms/302087-0.webp?imwidth=1312, https://cdn2.parfumdreams.de/image/cms/302087-0.webp?imwidth=2624 2x\">\n            <img alt=\"Content-Wedding-KW18\" loading=\"eager\" class=\"w-full mb-13 md:mb-15 aspect-[var(--aspect-mobile)] md:aspect-[var(--aspect-desktop)]\" style=\"--aspect-mobile: 1600 / 1600; --aspect-desktop: 1600 / 440\" src=\"https://cdn2.parfumdreams.de/image/cms/302087-0.webp?imwidth=1312\" srcset=\"https://cdn2.parfumdreams.de/image/cms/302087-0.webp?imwidth=1312, https://cdn2.parfumdreams.de/image/cms/302087-0.webp?imwidth=2624 2x\"></picture></div></a><a href=\"/Newsletter\" class=\"block w-full absolute left-0 flickity-cell\" data-behaviour=\"utag-link-event\" data-props=\"{&quot;content_id&quot;:&quot;Homepage&quot;,&quot;interaction_element&quot;:&quot;CRM-NewsletterSubscription-KW12&quot;,&quot;interaction_object&quot;:&quot;homepage.index1.banner.CRM-NewsletterSubscription-KW12&quot;,&quot;interaction_position&quot;:&quot;P0-2&quot;,&quot;interaction_type&quot;:&quot;click&quot;,&quot;interaction_component_name&quot;:null,&quot;interaction_type_parent&quot;:&quot;Index1&quot;,&quot;interaction_type_detail&quot;:&quot;Banner&quot;,&quot;interaction_page_position&quot;:&quot;P0&quot;,&quot;interaction_click&quot;:&quot;click&quot;}\" data-initialized=\"true\" aria-hidden=\"true\" style=\"transform: translateX(198.6%);\"><div class=\" mt-8 lg:mt-0\"><picture class=\"flickity-lazyloaded\"><source media=\"(max-width: 768px)\" loading=\"eager\" class=\"w-full mb-13 md:mb-15\" src=\"https://cdn2.parfumdreams.de/image/cms/300125-0.webp?imwidth=575\" srcset=\"https://cdn2.parfumdreams.de/image/cms/300125-0.webp?imwidth=575, https://cdn2.parfumdreams.de/image/cms/300125-0.webp?imwidth=1150 2x\">\n            <source media=\"(min-width: 769px)\" loading=\"eager\" class=\"w-full mb-13 md:mb-15\" src=\"https://cdn2.parfumdreams.de/image/cms/300124-0.webp?imwidth=1312\" srcset=\"https://cdn2.parfumdreams.de/image/cms/300124-0.webp?imwidth=1312, https://cdn2.parfumdreams.de/image/cms/300124-0.webp?imwidth=2624 2x\">\n            <img alt=\"CRM-NewsletterSubscription-KW12\" loading=\"eager\" class=\"w-full mb-13 md:mb-15 aspect-[var(--aspect-mobile)] md:aspect-[var(--aspect-desktop)]\" style=\"--aspect-mobile: 1150 / 1150; --aspect-desktop: 2620 / 720\" src=\"https://cdn2.parfumdreams.de/image/cms/300124-0.webp?imwidth=1312\" srcset=\"https://cdn2.parfumdreams.de/image/cms/300124-0.webp?imwidth=1312, https://cdn2.parfumdreams.de/image/cms/300124-0.webp?imwidth=2624 2x\"></picture></div></a></div></div><button class=\"flickity-button flickity-prev-next-button previous\" type=\"button\" aria-label=\"Previous\"><svg class=\"flickity-button-icon\" viewBox=\"0 0 100 100\"><title>Previous</title><path d=\"M 25,50 L 60,85 L 65,80 L 35,50 L 65,20 L 60,15 Z\" class=\"arrow\"></path></svg></button><button class=\"flickity-button flickity-prev-next-button next\" type=\"button\" aria-label=\"Next\"><svg class=\"flickity-button-icon\" viewBox=\"0 0 100 100\"><title>Next</title><path d=\"M 25,50 L 60,85 L 65,80 L 35,50 L 65,20 L 60,15 Z\" class=\"arrow\" transform=\"translate(100, 100) rotate(180)\"></path></svg></button><div class=\"flickity-page-dots\"><button type=\"button\" class=\"flickity-page-dot is-selected\" aria-current=\"step\">View slide 1</button><button type=\"button\" class=\"flickity-page-dot\">View slide 2</button><button type=\"button\" class=\"flickity-page-dot\">View slide 3</button></div></div><div id=\"brandSlider\" class=\"flex gap-2 items-center mt-3 lg:mt-5 mb-8\"><div class=\"h-14 overflow-hidden flex-1 overflow-visible flickity-enabled is-draggable\" data-behaviour=\"flickity-subbrand-navigation\" data-initialized=\"true\" tabindex=\"0\"><div class=\"flickity-viewport\" style=\"height: 56px;\"><div class=\"flickity-slider\" style=\"transform: translateX(0%);\"><a href=\"Lancome\" class=\"h-full inline-block border rounded-[2px] w-[142px] h-[48px] lg:w-[207px] lg:h[64] mr-[0.75rem] flickity-cell is-selected\" style=\"transform: translateX(0%);\"><div class=\"h-full p-4 !m-0 mt-8 lg:mt-0\"><picture><source media=\"(max-width: 768px)\" src=\"https://cdn2.parfumdreams.de/image/cms/1701-0.webp?imwidth=142\" srcset=\"https://cdn2.parfumdreams.de/image/cms/1701-0.webp?imwidth=142, https://cdn2.parfumdreams.de/image/cms/1701-0.webp?imwidth=284 2x\" loading=\"lazy\" class=\"h-full w-full object-contain object-center\">\n            <source media=\"(min-width: 769px)\" src=\"https://cdn2.parfumdreams.de/image/cms/1701-0.webp?imwidth=164\" srcset=\"https://cdn2.parfumdreams.de/image/cms/1701-0.webp?imwidth=164, https://cdn2.parfumdreams.de/image/cms/1701-0.webp?imwidth=328 2x\" loading=\"lazy\" class=\"h-full w-full object-contain object-center\">\n            <img src=\"https://cdn2.parfumdreams.de/image/cms/1701-0.webp?imwidth=164\" srcset=\"https://cdn2.parfumdreams.de/image/cms/1701-0.webp?imwidth=164, https://cdn2.parfumdreams.de/image/cms/1701-0.webp?imwidth=328 2x\" loading=\"lazy\" class=\"h-full w-full object-contain object-center aspect-[var(--aspect-mobile)] md:aspect-[var(--aspect-desktop)]\" style=\"--aspect-mobile: 440 / 120; --aspect-desktop: 440 / 120\"></picture></div></a><a href=\"Hugo-Boss\" class=\"h-full inline-block border rounded-[2px] w-[142px] h-[48px] lg:w-[207px] lg:h[64] mr-[0.75rem] flickity-cell\" aria-hidden=\"true\" style=\"transform: translateX(105.8%);\"><div class=\"h-full p-4 !m-0 mt-8 lg:mt-0\"><picture><source media=\"(max-width: 768px)\" src=\"https://cdn2.parfumdreams.de/image/cms/23149-0.webp?imwidth=142\" srcset=\"https://cdn2.parfumdreams.de/image/cms/23149-0.webp?imwidth=142, https://cdn2.parfumdreams.de/image/cms/23149-0.webp?imwidth=284 2x\" loading=\"lazy\" class=\"h-full w-full object-contain object-center\">\n            <source media=\"(min-width: 769px)\" src=\"https://cdn2.parfumdreams.de/image/cms/23149-0.webp?imwidth=164\" srcset=\"https://cdn2.parfumdreams.de/image/cms/23149-0.webp?imwidth=164, https://cdn2.parfumdreams.de/image/cms/23149-0.webp?imwidth=328 2x\" loading=\"lazy\" class=\"h-full w-full object-contain object-center\">\n            <img src=\"https://cdn2.parfumdreams.de/image/cms/23149-0.webp?imwidth=164\" srcset=\"https://cdn2.parfumdreams.de/image/cms/23149-0.webp?imwidth=164, https://cdn2.parfumdreams.de/image/cms/23149-0.webp?imwidth=328 2x\" loading=\"lazy\" class=\"h-full w-full object-contain object-center aspect-[var(--aspect-mobile)] md:aspect-[var(--aspect-desktop)]\" style=\"--aspect-mobile: 440 / 120; --aspect-desktop: 440 / 120\"></picture></div></a><a href=\"Yves-Saint-Laurent\" class=\"h-full inline-block border rounded-[2px] w-[142px] h-[48px] lg:w-[207px] lg:h[64] mr-[0.75rem] flickity-cell\" aria-hidden=\"true\" style=\"transform: translateX(211.59%);\"><div class=\"h-full p-4 !m-0 mt-8 lg:mt-0\"><picture><source media=\"(max-width: 768px)\" src=\"https://cdn2.parfumdreams.de/image/cms/1527-0.webp?imwidth=142\" srcset=\"https://cdn2.parfumdreams.de/image/cms/1527-0.webp?imwidth=142, https://cdn2.parfumdreams.de/image/cms/1527-0.webp?imwidth=284 2x\" loading=\"lazy\" class=\"h-full w-full object-contain object-center\">\n            <source media=\"(min-width: 769px)\" src=\"https://cdn2.parfumdreams.de/image/cms/1527-0.webp?imwidth=164\" srcset=\"https://cdn2.parfumdreams.de/image/cms/1527-0.webp?imwidth=164, https://cdn2.parfumdreams.de/image/cms/1527-0.webp?imwidth=328 2x\" loading=\"lazy\" class=\"h-full w-full object-contain object-center\">\n            <img src=\"https://cdn2.parfumdreams.de/image/cms/1527-0.webp?imwidth=164\" srcset=\"https://cdn2.parfumdreams.de/image/cms/1527-0.webp?imwidth=164, https://cdn2.parfumdreams.de/image/cms/1527-0.webp?imwidth=328 2x\" loading=\"lazy\" class=\"h-full w-full object-contain object-center aspect-[var(--aspect-mobile)] md:aspect-[var(--aspect-desktop)]\" style=\"--aspect-mobile: 800 / 142; --aspect-desktop: 800 / 142\"></picture></div></a><a href=\"Jean-Paul-Gaultier\" class=\"h-full inline-block border rounded-[2px] w-[142px] h-[48px] lg:w-[207px] lg:h[64] mr-[0.75rem] flickity-cell\" aria-hidden=\"true\" style=\"transform: translateX(317.39%);\"><div class=\"h-full p-4 !m-0 mt-8 lg:mt-0\"><picture><source media=\"(max-width: 768px)\" src=\"https://cdn2.parfumdreams.de/image/cms/1545-0.webp?imwidth=142\" srcset=\"https://cdn2.parfumdreams.de/image/cms/1545-0.webp?imwidth=142, https://cdn2.parfumdreams.de/image/cms/1545-0.webp?imwidth=284 2x\" loading=\"lazy\" class=\"h-full w-full object-contain object-center\">\n            <source media=\"(min-width: 769px)\" src=\"https://cdn2.parfumdreams.de/image/cms/1545-0.webp?imwidth=164\" srcset=\"https://cdn2.parfumdreams.de/image/cms/1545-0.webp?imwidth=164, https://cdn2.parfumdreams.de/image/cms/1545-0.webp?imwidth=328 2x\" loading=\"lazy\" class=\"h-full w-full object-contain object-center\">\n            <img src=\"https://cdn2.parfumdreams.de/image/cms/1545-0.webp?imwidth=164\" srcset=\"https://cdn2.parfumdreams.de/image/cms/1545-0.webp?imwidth=164, https://cdn2.parfumdreams.de/image/cms/1545-0.webp?imwidth=328 2x\" loading=\"lazy\" class=\"h-full w-full object-contain object-center aspect-[var(--aspect-mobile)] md:aspect-[var(--aspect-desktop)]\" style=\"--aspect-mobile: 800 / 313; --aspect-desktop: 800 / 313\"></picture></div></a><a href=\"Armani\" class=\"h-full inline-block border rounded-[2px] w-[142px] h-[48px] lg:w-[207px] lg:h[64] mr-[0.75rem] flickity-cell\" aria-hidden=\"true\" style=\"transform: translateX(423.19%);\"><div class=\"h-full p-4 !m-0 mt-8 lg:mt-0\"><picture><source media=\"(max-width: 768px)\" src=\"https://cdn2.parfumdreams.de/image/cms/301733-0.webp?imwidth=142\" srcset=\"https://cdn2.parfumdreams.de/image/cms/301733-0.webp?imwidth=142, https://cdn2.parfumdreams.de/image/cms/301733-0.webp?imwidth=284 2x\" loading=\"lazy\" class=\"h-full w-full object-contain object-center\">\n            <source media=\"(min-width: 769px)\" src=\"https://cdn2.parfumdreams.de/image/cms/301733-0.webp?imwidth=164\" srcset=\"https://cdn2.parfumdreams.de/image/cms/301733-0.webp?imwidth=164, https://cdn2.parfumdreams.de/image/cms/301733-0.webp?imwidth=328 2x\" loading=\"lazy\" class=\"h-full w-full object-contain object-center\">\n            <img src=\"https://cdn2.parfumdreams.de/image/cms/301733-0.webp?imwidth=164\" srcset=\"https://cdn2.parfumdreams.de/image/cms/301733-0.webp?imwidth=164, https://cdn2.parfumdreams.de/image/cms/301733-0.webp?imwidth=328 2x\" loading=\"lazy\" class=\"h-full w-full object-contain object-center aspect-[var(--aspect-mobile)] md:aspect-[var(--aspect-desktop)]\" style=\"--aspect-mobile: 440 / 120; --aspect-desktop: 440 / 120\"></picture></div></a><a href=\"Rabanne\" class=\"h-full inline-block border rounded-[2px] w-[142px] h-[48px] lg:w-[207px] lg:h[64] mr-[0.75rem] flickity-cell\" aria-hidden=\"true\" style=\"transform: translateX(528.99%);\"><div class=\"h-full p-4 !m-0 mt-8 lg:mt-0\"><picture><source media=\"(max-width: 768px)\" src=\"https://cdn2.parfumdreams.de/image/cms/1433-0.webp?imwidth=142\" srcset=\"https://cdn2.parfumdreams.de/image/cms/1433-0.webp?imwidth=142, https://cdn2.parfumdreams.de/image/cms/1433-0.webp?imwidth=284 2x\" loading=\"lazy\" class=\"h-full w-full object-contain object-center\">\n            <source media=\"(min-width: 769px)\" src=\"https://cdn2.parfumdreams.de/image/cms/1433-0.webp?imwidth=164\" srcset=\"https://cdn2.parfumdreams.de/image/cms/1433-0.webp?imwidth=164, https://cdn2.parfumdreams.de/image/cms/1433-0.webp?imwidth=328 2x\" loading=\"lazy\" class=\"h-full w-full object-contain object-center\">\n            <img src=\"https://cdn2.parfumdreams.de/image/cms/1433-0.webp?imwidth=164\" srcset=\"https://cdn2.parfumdreams.de/image/cms/1433-0.webp?imwidth=164, https://cdn2.parfumdreams.de/image/cms/1433-0.webp?imwidth=328 2x\" loading=\"lazy\" class=\"h-full w-full object-contain object-center aspect-[var(--aspect-mobile)] md:aspect-[var(--aspect-desktop)]\" style=\"--aspect-mobile: 440 / 120; --aspect-desktop: 440 / 120\"></picture></div></a><a href=\"Gucci\" class=\"h-full inline-block border rounded-[2px] w-[142px] h-[48px] lg:w-[207px] lg:h[64] mr-[0.75rem] flickity-cell\" aria-hidden=\"true\" style=\"transform: translateX(634.78%);\"><div class=\"h-full p-4 !m-0 mt-8 lg:mt-0\"><picture><source media=\"(max-width: 768px)\" src=\"https://cdn2.parfumdreams.de/image/cms/22477-0.webp?imwidth=142\" srcset=\"https://cdn2.parfumdreams.de/image/cms/22477-0.webp?imwidth=142, https://cdn2.parfumdreams.de/image/cms/22477-0.webp?imwidth=284 2x\" loading=\"lazy\" class=\"h-full w-full object-contain object-center\">\n            <source media=\"(min-width: 769px)\" src=\"https://cdn2.parfumdreams.de/image/cms/22477-0.webp?imwidth=164\" srcset=\"https://cdn2.parfumdreams.de/image/cms/22477-0.webp?imwidth=164, https://cdn2.parfumdreams.de/image/cms/22477-0.webp?imwidth=328 2x\" loading=\"lazy\" class=\"h-full w-full object-contain object-center\">\n            <img src=\"https://cdn2.parfumdreams.de/image/cms/22477-0.webp?imwidth=164\" srcset=\"https://cdn2.parfumdreams.de/image/cms/22477-0.webp?imwidth=164, https://cdn2.parfumdreams.de/image/cms/22477-0.webp?imwidth=328 2x\" loading=\"lazy\" class=\"h-full w-full object-contain object-center aspect-[var(--aspect-mobile)] md:aspect-[var(--aspect-desktop)]\" style=\"--aspect-mobile: 500 / 90; --aspect-desktop: 500 / 90\"></picture></div></a><a href=\"Kerastase\" class=\"h-full inline-block border rounded-[2px] w-[142px] h-[48px] lg:w-[207px] lg:h[64] mr-[0.75rem] flickity-cell\" aria-hidden=\"true\" style=\"transform: translateX(740.58%);\"><div class=\"h-full p-4 !m-0 mt-8 lg:mt-0\"><picture><source media=\"(max-width: 768px)\" src=\"https://cdn2.parfumdreams.de/image/cms/1722-0.webp?imwidth=142\" srcset=\"https://cdn2.parfumdreams.de/image/cms/1722-0.webp?imwidth=142, https://cdn2.parfumdreams.de/image/cms/1722-0.webp?imwidth=284 2x\" loading=\"lazy\" class=\"h-full w-full object-contain object-center\">\n            <source media=\"(min-width: 769px)\" src=\"https://cdn2.parfumdreams.de/image/cms/1722-0.webp?imwidth=164\" srcset=\"https://cdn2.parfumdreams.de/image/cms/1722-0.webp?imwidth=164, https://cdn2.parfumdreams.de/image/cms/1722-0.webp?imwidth=328 2x\" loading=\"lazy\" class=\"h-full w-full object-contain object-center\">\n            <img src=\"https://cdn2.parfumdreams.de/image/cms/1722-0.webp?imwidth=164\" srcset=\"https://cdn2.parfumdreams.de/image/cms/1722-0.webp?imwidth=164, https://cdn2.parfumdreams.de/image/cms/1722-0.webp?imwidth=328 2x\" loading=\"lazy\" class=\"h-full w-full object-contain object-center aspect-[var(--aspect-mobile)] md:aspect-[var(--aspect-desktop)]\" style=\"--aspect-mobile: 210 / 60; --aspect-desktop: 210 / 60\"></picture></div></a><a href=\"GUERLAIN\" class=\"h-full inline-block border rounded-[2px] w-[142px] h-[48px] lg:w-[207px] lg:h[64] mr-[0.75rem] flickity-cell\" aria-hidden=\"true\" style=\"transform: translateX(846.38%);\"><div class=\"h-full p-4 !m-0 mt-8 lg:mt-0\"><picture><source media=\"(max-width: 768px)\" src=\"https://cdn2.parfumdreams.de/image/cms/1448-0.webp?imwidth=142\" srcset=\"https://cdn2.parfumdreams.de/image/cms/1448-0.webp?imwidth=142, https://cdn2.parfumdreams.de/image/cms/1448-0.webp?imwidth=284 2x\" loading=\"lazy\" class=\"h-full w-full object-contain object-center\">\n            <source media=\"(min-width: 769px)\" src=\"https://cdn2.parfumdreams.de/image/cms/1448-0.webp?imwidth=164\" srcset=\"https://cdn2.parfumdreams.de/image/cms/1448-0.webp?imwidth=164, https://cdn2.parfumdreams.de/image/cms/1448-0.webp?imwidth=328 2x\" loading=\"lazy\" class=\"h-full w-full object-contain object-center\">\n            <img src=\"https://cdn2.parfumdreams.de/image/cms/1448-0.webp?imwidth=164\" srcset=\"https://cdn2.parfumdreams.de/image/cms/1448-0.webp?imwidth=164, https://cdn2.parfumdreams.de/image/cms/1448-0.webp?imwidth=328 2x\" loading=\"lazy\" class=\"h-full w-full object-contain object-center aspect-[var(--aspect-mobile)] md:aspect-[var(--aspect-desktop)]\" style=\"--aspect-mobile: 440 / 120; --aspect-desktop: 440 / 120\"></picture></div></a><a href=\"Tom-Ford\" class=\"h-full inline-block border rounded-[2px] w-[142px] h-[48px] lg:w-[207px] lg:h[64] mr-[0.75rem] flickity-cell\" aria-hidden=\"true\" style=\"transform: translateX(952.17%);\"><div class=\"h-full p-4 !m-0 mt-8 lg:mt-0\"><picture><source media=\"(max-width: 768px)\" src=\"https://cdn2.parfumdreams.de/image/cms/1467-0.webp?imwidth=142\" srcset=\"https://cdn2.parfumdreams.de/image/cms/1467-0.webp?imwidth=142, https://cdn2.parfumdreams.de/image/cms/1467-0.webp?imwidth=284 2x\" loading=\"lazy\" class=\"h-full w-full object-contain object-center\">\n            <source media=\"(min-width: 769px)\" src=\"https://cdn2.parfumdreams.de/image/cms/1467-0.webp?imwidth=164\" srcset=\"https://cdn2.parfumdreams.de/image/cms/1467-0.webp?imwidth=164, https://cdn2.parfumdreams.de/image/cms/1467-0.webp?imwidth=328 2x\" loading=\"lazy\" class=\"h-full w-full object-contain object-center\">\n            <img src=\"https://cdn2.parfumdreams.de/image/cms/1467-0.webp?imwidth=164\" srcset=\"https://cdn2.parfumdreams.de/image/cms/1467-0.webp?imwidth=164, https://cdn2.parfumdreams.de/image/cms/1467-0.webp?imwidth=328 2x\" loading=\"lazy\" class=\"h-full w-full object-contain object-center aspect-[var(--aspect-mobile)] md:aspect-[var(--aspect-desktop)]\" style=\"--aspect-mobile: 800 / 121; --aspect-desktop: 800 / 121\"></picture></div></a><a href=\"SENSAI\" class=\"h-full inline-block border rounded-[2px] w-[142px] h-[48px] lg:w-[207px] lg:h[64] mr-[0.75rem] flickity-cell\" aria-hidden=\"true\" style=\"transform: translateX(1057.97%);\"><div class=\"h-full p-4 !m-0 mt-8 lg:mt-0\"><picture><source media=\"(max-width: 768px)\" src=\"https://cdn2.parfumdreams.de/image/cms/1589-0.webp?imwidth=142\" srcset=\"https://cdn2.parfumdreams.de/image/cms/1589-0.webp?imwidth=142, https://cdn2.parfumdreams.de/image/cms/1589-0.webp?imwidth=284 2x\" loading=\"lazy\" class=\"h-full w-full object-contain object-center\">\n            <source media=\"(min-width: 769px)\" src=\"https://cdn2.parfumdreams.de/image/cms/1589-0.webp?imwidth=164\" srcset=\"https://cdn2.parfumdreams.de/image/cms/1589-0.webp?imwidth=164, https://cdn2.parfumdreams.de/image/cms/1589-0.webp?imwidth=328 2x\" loading=\"lazy\" class=\"h-full w-full object-contain object-center\">\n            <img src=\"https://cdn2.parfumdreams.de/image/cms/1589-0.webp?imwidth=164\" srcset=\"https://cdn2.parfumdreams.de/image/cms/1589-0.webp?imwidth=164, https://cdn2.parfumdreams.de/image/cms/1589-0.webp?imwidth=328 2x\" loading=\"lazy\" class=\"h-full w-full object-contain object-center aspect-[var(--aspect-mobile)] md:aspect-[var(--aspect-desktop)]\" style=\"--aspect-mobile: 430 / 75; --aspect-desktop: 430 / 75\"></picture></div></a><a href=\"GIVENCHY\" class=\"h-full inline-block border rounded-[2px] w-[142px] h-[48px] lg:w-[207px] lg:h[64] mr-[0.75rem] flickity-cell\" aria-hidden=\"true\" style=\"transform: translateX(1163.77%);\"><div class=\"h-full p-4 !m-0 mt-8 lg:mt-0\"><picture><source media=\"(max-width: 768px)\" src=\"https://cdn2.parfumdreams.de/image/cms/1526-0.webp?imwidth=142\" srcset=\"https://cdn2.parfumdreams.de/image/cms/1526-0.webp?imwidth=142, https://cdn2.parfumdreams.de/image/cms/1526-0.webp?imwidth=284 2x\" loading=\"lazy\" class=\"h-full w-full object-contain object-center\">\n            <source media=\"(min-width: 769px)\" src=\"https://cdn2.parfumdreams.de/image/cms/1526-0.webp?imwidth=164\" srcset=\"https://cdn2.parfumdreams.de/image/cms/1526-0.webp?imwidth=164, https://cdn2.parfumdreams.de/image/cms/1526-0.webp?imwidth=328 2x\" loading=\"lazy\" class=\"h-full w-full object-contain object-center\">\n            <img src=\"https://cdn2.parfumdreams.de/image/cms/1526-0.webp?imwidth=164\" srcset=\"https://cdn2.parfumdreams.de/image/cms/1526-0.webp?imwidth=164, https://cdn2.parfumdreams.de/image/cms/1526-0.webp?imwidth=328 2x\" loading=\"lazy\" class=\"h-full w-full object-contain object-center aspect-[var(--aspect-mobile)] md:aspect-[var(--aspect-desktop)]\" style=\"--aspect-mobile: 800 / 78; --aspect-desktop: 800 / 78\"></picture></div></a><a href=\"ANNEMARIE-BOeRLIND\" class=\"h-full inline-block border rounded-[2px] w-[142px] h-[48px] lg:w-[207px] lg:h[64] mr-[0.75rem] flickity-cell\" aria-hidden=\"true\" style=\"transform: translateX(1269.57%);\"><div class=\"h-full p-4 !m-0 mt-8 lg:mt-0\"><picture><source media=\"(max-width: 768px)\" src=\"https://cdn2.parfumdreams.de/image/cms/1420-0.webp?imwidth=142\" srcset=\"https://cdn2.parfumdreams.de/image/cms/1420-0.webp?imwidth=142, https://cdn2.parfumdreams.de/image/cms/1420-0.webp?imwidth=284 2x\" loading=\"lazy\" class=\"h-full w-full object-contain object-center\">\n            <source media=\"(min-width: 769px)\" src=\"https://cdn2.parfumdreams.de/image/cms/1420-0.webp?imwidth=164\" srcset=\"https://cdn2.parfumdreams.de/image/cms/1420-0.webp?imwidth=164, https://cdn2.parfumdreams.de/image/cms/1420-0.webp?imwidth=328 2x\" loading=\"lazy\" class=\"h-full w-full object-contain object-center\">\n            <img src=\"https://cdn2.parfumdreams.de/image/cms/1420-0.webp?imwidth=164\" srcset=\"https://cdn2.parfumdreams.de/image/cms/1420-0.webp?imwidth=164, https://cdn2.parfumdreams.de/image/cms/1420-0.webp?imwidth=328 2x\" loading=\"lazy\" class=\"h-full w-full object-contain object-center aspect-[var(--aspect-mobile)] md:aspect-[var(--aspect-desktop)]\" style=\"--aspect-mobile: 2560 / 1361; --aspect-desktop: 2560 / 1361\"></picture></div></a><a href=\"Biotherm\" class=\"h-full inline-block border rounded-[2px] w-[142px] h-[48px] lg:w-[207px] lg:h[64] mr-[0.75rem] flickity-cell\" aria-hidden=\"true\" style=\"transform: translateX(1375.36%);\"><div class=\"h-full p-4 !m-0 mt-8 lg:mt-0\"><picture><source media=\"(max-width: 768px)\" src=\"https://cdn2.parfumdreams.de/image/cms/3396-0.webp?imwidth=142\" srcset=\"https://cdn2.parfumdreams.de/image/cms/3396-0.webp?imwidth=142, https://cdn2.parfumdreams.de/image/cms/3396-0.webp?imwidth=284 2x\" loading=\"lazy\" class=\"h-full w-full object-contain object-center\">\n            <source media=\"(min-width: 769px)\" src=\"https://cdn2.parfumdreams.de/image/cms/3396-0.webp?imwidth=164\" srcset=\"https://cdn2.parfumdreams.de/image/cms/3396-0.webp?imwidth=164, https://cdn2.parfumdreams.de/image/cms/3396-0.webp?imwidth=328 2x\" loading=\"lazy\" class=\"h-full w-full object-contain object-center\">\n            <img src=\"https://cdn2.parfumdreams.de/image/cms/3396-0.webp?imwidth=164\" srcset=\"https://cdn2.parfumdreams.de/image/cms/3396-0.webp?imwidth=164, https://cdn2.parfumdreams.de/image/cms/3396-0.webp?imwidth=328 2x\" loading=\"lazy\" class=\"h-full w-full object-contain object-center aspect-[var(--aspect-mobile)] md:aspect-[var(--aspect-desktop)]\" style=\"--aspect-mobile: 440 / 83; --aspect-desktop: 440 / 83\"></picture></div></a><a href=\"Chloe\" class=\"h-full inline-block border rounded-[2px] w-[142px] h-[48px] lg:w-[207px] lg:h[64] mr-[0.75rem] flickity-cell\" aria-hidden=\"true\" style=\"transform: translateX(1481.16%);\"><div class=\"h-full p-4 !m-0 mt-8 lg:mt-0\"><picture><source media=\"(max-width: 768px)\" src=\"https://cdn2.parfumdreams.de/image/cms/23148-0.webp?imwidth=142\" srcset=\"https://cdn2.parfumdreams.de/image/cms/23148-0.webp?imwidth=142, https://cdn2.parfumdreams.de/image/cms/23148-0.webp?imwidth=284 2x\" loading=\"lazy\" class=\"h-full w-full object-contain object-center\">\n            <source media=\"(min-width: 769px)\" src=\"https://cdn2.parfumdreams.de/image/cms/23148-0.webp?imwidth=164\" srcset=\"https://cdn2.parfumdreams.de/image/cms/23148-0.webp?imwidth=164, https://cdn2.parfumdreams.de/image/cms/23148-0.webp?imwidth=328 2x\" loading=\"lazy\" class=\"h-full w-full object-contain object-center\">\n            <img src=\"https://cdn2.parfumdreams.de/image/cms/23148-0.webp?imwidth=164\" srcset=\"https://cdn2.parfumdreams.de/image/cms/23148-0.webp?imwidth=164, https://cdn2.parfumdreams.de/image/cms/23148-0.webp?imwidth=328 2x\" loading=\"lazy\" class=\"h-full w-full object-contain object-center aspect-[var(--aspect-mobile)] md:aspect-[var(--aspect-desktop)]\" style=\"--aspect-mobile: 500 / 161; --aspect-desktop: 500 / 161\"></picture></div></a><a href=\"/Toutes-les-marques-de-parfum\" class=\"leading-[50px] text-center inline-block font-bold underline w-[142px] h-[48px] lg:w-[207px] lg:h[64] mr-[0.75rem] flickity-cell\" style=\"text-underline-offset: 4px; text-decoration-thickness: 2px; transform: translateX(1586.96%);\" aria-hidden=\"true\">Toutes les marques</a></div></div><button class=\"flickity-button flickity-prev-next-button previous !-left-10\" type=\"button\" aria-label=\"Previous\" disabled=\"true\" style=\"background: transparent !important;\"><svg width=\"24\" height=\"24\" viewBox=\"0 0 24 24\" fill=\"none\" xmlns=\"http://www.w3.org/2000/svg\">\n                          <path d=\"M14.95 7.05C15.0667 7.15 15.125 7.26667 15.125 7.4C15.125 7.53333 15.0667 7.65 14.95 7.75L10.7 12L14.95 16.25C15.0667 16.35 15.125 16.4667 15.125 16.6C15.125 16.7333 15.0667 16.85 14.95 16.95C14.85 17.0667 14.7333 17.125 14.6 17.125C14.4667 17.125 14.35 17.0667 14.25 16.95L9.85 12.575C9.76667 12.475 9.70834 12.3793 9.675 12.288C9.64167 12.196 9.625 12.1 9.625 12C9.625 11.9 9.64167 11.8043 9.675 11.713C9.70834 11.621 9.76667 11.525 9.85 11.425L14.25 7.05C14.35 6.93333 14.4667 6.875 14.6 6.875C14.7333 6.875 14.85 6.93333 14.95 7.05Z\" fill=\"#1D1D1F\"></path>\n                          </svg></button><button class=\"flickity-button flickity-prev-next-button next !-right-10\" type=\"button\" aria-label=\"Next\" style=\"background: transparent !important;\"><svg width=\"24\" height=\"24\" viewBox=\"0 0 24 24\" fill=\"none\" xmlns=\"http://www.w3.org/2000/svg\">\n                          <path d=\"M9.05 16.95C8.93333 16.85 8.875 16.7333 8.875 16.6C8.875 16.4667 8.93333 16.35 9.05 16.25L13.3 12L9.05 7.75C8.93333 7.65 8.875 7.53333 8.875 7.4C8.875 7.26667 8.93333 7.15 9.05 7.05C9.15 6.93333 9.26667 6.875 9.4 6.875C9.53333 6.875 9.65 6.93333 9.75 7.05L14.15 11.425C14.2333 11.525 14.2917 11.6207 14.325 11.712C14.3583 11.804 14.375 11.9 14.375 12C14.375 12.1 14.3583 12.1957 14.325 12.287C14.2917 12.379 14.2333 12.475 14.15 12.575L9.75 16.95C9.65 17.0667 9.53333 17.125 9.4 17.125C9.26666 17.125 9.15 17.0667 9.05 16.95Z\" fill=\"#1D1D1F\"></path>\n                          </svg></button></div></div><h2 class=\"text-center text-2xl mb-6\">Catégories favorites</h2><div class=\"w-full mb-12 flickity-dots-outside lg:flex lg:gap-2 after:hidden after:content-['flickity'] lg:after:content-['']\" data-flickity=\"{&quot;cellAlign&quot;: &quot;left&quot;, &quot;wrapAround&quot;: true, &quot;watchCSS&quot;: true}\"><div class=\"mx-1 aspect-square w-[calc(50%-0.5rem)] lg:w-[calc(20%-0.5rem)]\"><a href=\"/Visage/Soin-visage\" class=\"w-full h-full relative\"><img src=\"https://cdn2.parfumdreams.de/image/cms/301007-0.webp?imwidth=440\" srcset=\"https://cdn2.parfumdreams.de/image/cms/301007-0.webp?imwidth=440, https://cdn2.parfumdreams.de/image/cms/301007-0.webp?imwidth=880 2x\" loading=\"lazy\" class=\"w-full h-full\" style=\"aspect-ratio: 3755 / 3755\">\n        <div class=\"absolute inset-0 flex items-end justify-center\"><div class=\"mb-2 bg-white opacity-70 px-4 text-xl\">Soin du visage</div></div></a></div><div class=\"mx-1 aspect-square w-[calc(50%-0.5rem)] lg:w-[calc(20%-0.5rem)]\"><a href=\"/Cheveux\" class=\"w-full h-full relative\"><img src=\"https://cdn2.parfumdreams.de/image/cms/301008-0.webp?imwidth=440\" srcset=\"https://cdn2.parfumdreams.de/image/cms/301008-0.webp?imwidth=440, https://cdn2.parfumdreams.de/image/cms/301008-0.webp?imwidth=880 2x\" loading=\"lazy\" class=\"w-full h-full\" style=\"aspect-ratio: 5237 / 5238\">\n        <div class=\"absolute inset-0 flex items-end justify-center\"><div class=\"mb-2 bg-white opacity-70 px-4 text-xl\">Cheveux</div></div></a></div><div class=\"mx-1 aspect-square w-[calc(50%-0.5rem)] lg:w-[calc(20%-0.5rem)]\"><a href=\"/Maquillage\" class=\"w-full h-full relative\"><img src=\"https://cdn2.parfumdreams.de/image/cms/301010-0.webp?imwidth=440\" srcset=\"https://cdn2.parfumdreams.de/image/cms/301010-0.webp?imwidth=440, https://cdn2.parfumdreams.de/image/cms/301010-0.webp?imwidth=880 2x\" loading=\"lazy\" class=\"w-full h-full\" style=\"aspect-ratio: 3666 / 3666\">\n        <div class=\"absolute inset-0 flex items-end justify-center\"><div class=\"mb-2 bg-white opacity-70 px-4 text-xl\">Maquillage</div></div></a></div><div class=\"mx-1 aspect-square w-[calc(50%-0.5rem)] lg:w-[calc(20%-0.5rem)]\"><a href=\"/Parfums/Parfums-femme\" class=\"w-full h-full relative\"><img src=\"https://cdn2.parfumdreams.de/image/cms/301006-0.webp?imwidth=440\" srcset=\"https://cdn2.parfumdreams.de/image/cms/301006-0.webp?imwidth=440, https://cdn2.parfumdreams.de/image/cms/301006-0.webp?imwidth=880 2x\" loading=\"lazy\" class=\"w-full h-full\" style=\"aspect-ratio: 3974 / 3974\">\n        <div class=\"absolute inset-0 flex items-end justify-center\"><div class=\"mb-2 bg-white opacity-70 px-4 text-xl\">Parfums femme</div></div></a></div><div class=\"mx-1 aspect-square w-[calc(50%-0.5rem)] lg:w-[calc(20%-0.5rem)]\"><a href=\"/Parfums/Parfums-homme\" class=\"w-full h-full relative\"><img src=\"https://cdn2.parfumdreams.de/image/cms/301009-0.webp?imwidth=440\" srcset=\"https://cdn2.parfumdreams.de/image/cms/301009-0.webp?imwidth=440, https://cdn2.parfumdreams.de/image/cms/301009-0.webp?imwidth=880 2x\" loading=\"lazy\" class=\"w-full h-full\" style=\"aspect-ratio: 3443 / 3443\">\n        <div class=\"absolute inset-0 flex items-end justify-center\"><div class=\"mb-2 bg-white opacity-70 px-4 text-xl\">Parfums homme</div></div></a></div></div><h2 class=\"text-center text-2xl mb-6\">Nos conseils pour vous</h2><div class=\"w-full mb-12 flickity-dots-outside block md:hidden flickity-enabled is-draggable\" data-flickity=\"{&quot;wrapAround&quot;: true, &quot;autoPlay&quot;: 7500, &quot;lazyLoad&quot;: 2, &quot;adaptiveHeight&quot;: true, &quot;prevNextButtons&quot;: false, &quot;pageDots&quot;: false}\" tabindex=\"0\"><div class=\"flickity-viewport\" style=\"height: 0px;\"><div class=\"flickity-slider\"><div class=\"mx-1 aspect-[880/580] w-full md:w-[calc(33.333333%-0.5rem)] flickity-cell is-selected\" data-behaviour=\"utag-link-event\" data-props=\"{&quot;content_id&quot;:&quot;Homepage&quot;,&quot;interaction_element&quot;:&quot;Parfums&quot;,&quot;interaction_object&quot;:&quot;homepage.tile.Parfums&quot;,&quot;interaction_position&quot;:&quot;P0-0&quot;,&quot;interaction_type&quot;:&quot;click&quot;,&quot;interaction_component_name&quot;:null,&quot;interaction_type_parent&quot;:&quot;Teaser&quot;,&quot;interaction_type_detail&quot;:&quot;Multi Teaser&quot;,&quot;interaction_page_position&quot;:&quot;P0&quot;,&quot;interaction_click&quot;:&quot;click&quot;}\" data-initialized=\"true\"><a href=\"/Wedding-season/parfum\" class=\"w-full h-full relative\"><img loading=\"eager\" class=\"w-full h-full flickity-lazyloaded\" style=\"aspect-ratio: 6240 / 4113\" src=\"https://cdn2.parfumdreams.de/image/cms/302307-0.webp?imwidth=440\" srcset=\"https://cdn2.parfumdreams.de/image/cms/302307-0.webp?imwidth=440, https://cdn2.parfumdreams.de/image/cms/302307-0.webp?imwidth=880 2x\">\n        <div class=\"absolute inset-0 flex items-end justify-center\"><div class=\"mb-2 bg-white opacity-70 px-4 text-xl\">Parfums</div></div></a></div><div class=\"mx-1 aspect-[880/580] w-full md:w-[calc(33.333333%-0.5rem)] flickity-cell\" data-behaviour=\"utag-link-event\" data-props=\"{&quot;content_id&quot;:&quot;Homepage&quot;,&quot;interaction_element&quot;:&quot;Wedding Season&quot;,&quot;interaction_object&quot;:&quot;homepage.tile.Wedding_Season&quot;,&quot;interaction_position&quot;:&quot;P0-1&quot;,&quot;interaction_type&quot;:&quot;click&quot;,&quot;interaction_component_name&quot;:null,&quot;interaction_type_parent&quot;:&quot;Teaser&quot;,&quot;interaction_type_detail&quot;:&quot;Multi Teaser&quot;,&quot;interaction_page_position&quot;:&quot;P0&quot;,&quot;interaction_click&quot;:&quot;click&quot;}\" data-initialized=\"true\" aria-hidden=\"true\"><a href=\"/Wedding-season\" class=\"w-full h-full relative\"><img loading=\"eager\" class=\"w-full h-full flickity-lazyloaded\" style=\"aspect-ratio: 5542 / 3653\" src=\"https://cdn2.parfumdreams.de/image/cms/301766-0.webp?imwidth=440\" srcset=\"https://cdn2.parfumdreams.de/image/cms/301766-0.webp?imwidth=440, https://cdn2.parfumdreams.de/image/cms/301766-0.webp?imwidth=880 2x\">\n        <div class=\"absolute inset-0 flex items-end justify-center\"><div class=\"mb-2 bg-white opacity-70 px-4 text-xl\">Wedding Season</div></div></a></div><div class=\"mx-1 aspect-[880/580] w-full md:w-[calc(33.333333%-0.5rem)] flickity-cell\" data-behaviour=\"utag-link-event\" data-props=\"{&quot;content_id&quot;:&quot;Homepage&quot;,&quot;interaction_element&quot;:&quot;Maquillage&quot;,&quot;interaction_object&quot;:&quot;homepage.tile.Maquillage&quot;,&quot;interaction_position&quot;:&quot;P0-2&quot;,&quot;interaction_type&quot;:&quot;click&quot;,&quot;interaction_component_name&quot;:null,&quot;interaction_type_parent&quot;:&quot;Teaser&quot;,&quot;interaction_type_detail&quot;:&quot;Multi Teaser&quot;,&quot;interaction_page_position&quot;:&quot;P0&quot;,&quot;interaction_click&quot;:&quot;click&quot;}\" data-initialized=\"true\" aria-hidden=\"true\"><a href=\"/Wedding-season/Makeup\" class=\"w-full h-full relative\"><img loading=\"eager\" class=\"w-full h-full flickity-lazyloaded\" style=\"aspect-ratio: 6240 / 4113\" src=\"https://cdn2.parfumdreams.de/image/cms/302306-0.webp?imwidth=440\" srcset=\"https://cdn2.parfumdreams.de/image/cms/302306-0.webp?imwidth=440, https://cdn2.parfumdreams.de/image/cms/302306-0.webp?imwidth=880 2x\">\n        <div class=\"absolute inset-0 flex items-end justify-center\"><div class=\"mb-2 bg-white opacity-70 px-4 text-xl\">Maquillage</div></div></a></div></div></div></div>\n<div data-behaviour=\"flickity-navigation\" class=\"h-6 my-8 flex justify-center items-center\" data-initialized=\"true\"><button type=\"button\" class=\"mr-4 disabled:opacity-50 hidden lg:flex\"><img class=\"w-6 h-6 rotate-180\" src=\"/assets/ArrowRight-421a3e0d.svg\"></button><button type=\"button\" class=\"p-1 \"><div class=\"rounded-full border-[1.5px]  size-2 bg-black border-black\"></div></button><button type=\"button\" class=\"p-1 \"><div class=\"rounded-full border-[1.5px]  size-2 bg-mediumgray border-mediumgray\"></div></button><button type=\"button\" class=\"p-1 \"><div class=\"rounded-full border-[1.5px]  size-2 bg-mediumgray border-mediumgray\"></div></button><button type=\"button\" class=\"ml-4 disabled:opacity-50 hidden lg:flex\"><img class=\"w-6 h-6\" src=\"/assets/ArrowRight-421a3e0d.svg\"></button></div>\n            <div class=\"w-full mb-12 hidden md:flex\"><div class=\"mx-1 aspect-[880/580] w-full md:w-[calc(33.333333%-0.5rem)]\" data-behaviour=\"utag-link-event\" data-props=\"{&quot;content_id&quot;:&quot;Homepage&quot;,&quot;interaction_element&quot;:&quot;Parfums&quot;,&quot;interaction_object&quot;:&quot;homepage.tile.Parfums&quot;,&quot;interaction_position&quot;:&quot;P0-0&quot;,&quot;interaction_type&quot;:&quot;click&quot;,&quot;interaction_component_name&quot;:null,&quot;interaction_type_parent&quot;:&quot;Teaser&quot;,&quot;interaction_type_detail&quot;:&quot;Multi Teaser&quot;,&quot;interaction_page_position&quot;:&quot;P0&quot;,&quot;interaction_click&quot;:&quot;click&quot;}\" data-initialized=\"true\"><a href=\"/Wedding-season/parfum\" class=\"w-full h-full relative\"><img src=\"https://cdn2.parfumdreams.de/image/cms/302307-0.webp?imwidth=440\" srcset=\"https://cdn2.parfumdreams.de/image/cms/302307-0.webp?imwidth=440, https://cdn2.parfumdreams.de/image/cms/302307-0.webp?imwidth=880 2x\" loading=\"lazy\" class=\"w-full h-full\" style=\"aspect-ratio: 6240 / 4113\">\n        <div class=\"absolute inset-0 flex items-end justify-center\"><div class=\"mb-2 bg-white opacity-70 px-4 text-xl\">Parfums</div></div></a></div><div class=\"mx-1 aspect-[880/580] w-full md:w-[calc(33.333333%-0.5rem)]\" data-behaviour=\"utag-link-event\" data-props=\"{&quot;content_id&quot;:&quot;Homepage&quot;,&quot;interaction_element&quot;:&quot;Wedding Season&quot;,&quot;interaction_object&quot;:&quot;homepage.tile.Wedding_Season&quot;,&quot;interaction_position&quot;:&quot;P0-1&quot;,&quot;interaction_type&quot;:&quot;click&quot;,&quot;interaction_component_name&quot;:null,&quot;interaction_type_parent&quot;:&quot;Teaser&quot;,&quot;interaction_type_detail&quot;:&quot;Multi Teaser&quot;,&quot;interaction_page_position&quot;:&quot;P0&quot;,&quot;interaction_click&quot;:&quot;click&quot;}\" data-initialized=\"true\"><a href=\"/Wedding-season\" class=\"w-full h-full relative\"><img src=\"https://cdn2.parfumdreams.de/image/cms/301766-0.webp?imwidth=440\" srcset=\"https://cdn2.parfumdreams.de/image/cms/301766-0.webp?imwidth=440, https://cdn2.parfumdreams.de/image/cms/301766-0.webp?imwidth=880 2x\" loading=\"lazy\" class=\"w-full h-full\" style=\"aspect-ratio: 5542 / 3653\">\n        <div class=\"absolute inset-0 flex items-end justify-center\"><div class=\"mb-2 bg-white opacity-70 px-4 text-xl\">Wedding Season</div></div></a></div><div class=\"mx-1 aspect-[880/580] w-full md:w-[calc(33.333333%-0.5rem)]\" data-behaviour=\"utag-link-event\" data-props=\"{&quot;content_id&quot;:&quot;Homepage&quot;,&quot;interaction_element&quot;:&quot;Maquillage&quot;,&quot;interaction_object&quot;:&quot;homepage.tile.Maquillage&quot;,&quot;interaction_position&quot;:&quot;P0-2&quot;,&quot;interaction_type&quot;:&quot;click&quot;,&quot;interaction_component_name&quot;:null,&quot;interaction_type_parent&quot;:&quot;Teaser&quot;,&quot;interaction_type_detail&quot;:&quot;Multi Teaser&quot;,&quot;interaction_page_position&quot;:&quot;P0&quot;,&quot;interaction_click&quot;:&quot;click&quot;}\" data-initialized=\"true\"><a href=\"/Wedding-season/Makeup\" class=\"w-full h-full relative\"><img src=\"https://cdn2.parfumdreams.de/image/cms/302306-0.webp?imwidth=440\" srcset=\"https://cdn2.parfumdreams.de/image/cms/302306-0.webp?imwidth=440, https://cdn2.parfumdreams.de/image/cms/302306-0.webp?imwidth=880 2x\" loading=\"lazy\" class=\"w-full h-full\" style=\"aspect-ratio: 6240 / 4113\">\n        <div class=\"absolute inset-0 flex items-end justify-center\"><div class=\"mb-2 bg-white opacity-70 px-4 text-xl\">Maquillage</div></div></a></div></div><div class=\"box clearfix  pure-html \"></div><div class=\"box clearfix  pure-html \"><div class=\"clear-both\"></div></div><h2 class=\"text-center text-2xl mb-6\">Nos nouveautés</h2><div data-behaviour=\"tabs\" class=\"mb-20\" data-initialized=\"true\"><div class=\"flex flex-wrap justify-center gap-2 mb-8 mt-8\"><label><input type=\"radio\" name=\"cms-variation-list-groups-f5f28242-027f-4603-a297-85e65790a321\" value=\"0\" class=\"peer hidden\" checked=\"\">\n                    <div class=\"bg-gray-100 rounded-sm text-lg p-2 cursor-pointer peer-checked:bg-slate-500 peer-checked:text-white\">Parfums</div></label><label><input type=\"radio\" name=\"cms-variation-list-groups-f5f28242-027f-4603-a297-85e65790a321\" value=\"1\" class=\"peer hidden\">\n                    <div class=\"bg-gray-100 rounded-sm text-lg p-2 cursor-pointer peer-checked:bg-slate-500 peer-checked:text-white\">Soins</div></label><label><input type=\"radio\" name=\"cms-variation-list-groups-f5f28242-027f-4603-a297-85e65790a321\" value=\"2\" class=\"peer hidden\">\n                    <div class=\"bg-gray-100 rounded-sm text-lg p-2 cursor-pointer peer-checked:bg-slate-500 peer-checked:text-white\">Maquillage</div></label><label><input type=\"radio\" name=\"cms-variation-list-groups-f5f28242-027f-4603-a297-85e65790a321\" value=\"3\" class=\"peer hidden\">\n                    <div class=\"bg-gray-100 rounded-sm text-lg p-2 cursor-pointer peer-checked:bg-slate-500 peer-checked:text-white\">Cheveux</div></label></div><details data-tab=\"0\" open=\"\" class=\"hidden open:block\"><summary class=\"hidden\">Parfums</summary><div id=\"product_0\" class=\"w-full flex after:hidden after:content-['flickity'] flickity-enabled is-draggable\" data-flickity=\"{&quot;prevNextButtons&quot;: false, &quot;pageDots&quot;: false, &quot;wrapAround&quot;: true, &quot;cellAlign&quot;: &quot;left&quot;, &quot;watchCSS&quot;: true}\" tabindex=\"0\"><div class=\"flickity-viewport\" style=\"height: 490px;\"><div class=\"flickity-slider\" style=\"transform: translateX(-0.95%);\"><div class=\"w-[calc(50%-1rem)] md:w-[calc(25%-0.99rem)] mx-2.5 flickity-cell is-selected\" style=\"transform: translateX(0%);\"><a href=\"/Pana-Dora-Sweden/Parfums-unisexes/Stricker/Eau-de-Parfum-Spray/index_138500.aspx?variation=224578\" data-behaviour=\"product-variation-view\" id=\"product_0_0\" data-initialized=\"true\"><div class=\"flex flex-col gap-2\"><div><div class=\"flex flex-col gap-1 mb-2\"><div class=\"flex gap-1 h-6\"><span class=\"bg-black text-white px-2 py-1 uppercase rounded-sm text-xs font-bold\">LUXE</span><div class=\"px-1 ml-auto\" data-button=\"toggle-wishlist\"><img class=\"h-4 my-1\" src=\"/images/wishlist.svg\"></div></div><div class=\"flex gap-1 h-6\"><span class=\"bg-lightgray px-2 py-1 uppercase rounded-sm text-xs font-bold\">NOUVEAU</span></div></div>\n\n            <div class=\"relative px-4 pt-8 pb-0 isolate flex items-center justify-center h-53\"><img src=\"https://cdn2.parfumdreams.de/image/product/138500-224578-0-0.webp?box=211\" srcset=\"https://cdn2.parfumdreams.de/image/product/138500-224578-0-0.webp?box=211, https://cdn2.parfumdreams.de/image/product/138500-224578-0-0.webp?box=422 2x\" class=\"object-scale-down h-full\"></div><div class=\"h-6\"></div><p class=\"font-bold\">Pana Dora Sweden</p>\n<p>Parfums unisexes</p>\n<p>Stricker</p>\n<p class=\"article-description text-xs text-gray-500\">Eau de Parfum Spray</p><p class=\"article-description text-xs text-gray-500\"><span class=\"invisible-text\">Eau de Parfum Spray</span></p><div class=\"my-3\"><div class=\"relative w-[3.75rem] aspect-[30/7]\"><img src=\"/images/ratingstars.svg\" class=\"w-full\">\n    <div class=\"absolute right-0 top-0 h-full opacity-75 bg-white\" style=\"width: 100%\"></div></div></div>\n\n<div><p class=\"font-bold text-lg \"><span><span class=\"inline premium:hidden whitespace-pre\" id=\"price_retail_1242880\">309,38 €</span></span>\n        <span class=\"hidden premium:inline text-premium-bright whitespace-pre\" id=\"price_premium_1242880\">278,44 €</span>\n        <span class=\"hidden\" id=\"price_leap_1242880\">278,44 €</span></p></div>\n\n<div class=\"inline premium:hidden text-xs text-darkgray\">100 ml (309,38 € / 100 ml)</div>\n<div class=\"hidden premium:inline text-xs text-darkgray\">100 ml (278,44 € / 100 ml)</div></div>\n\n        </div></a></div><div class=\"w-[calc(50%-1rem)] md:w-[calc(25%-0.99rem)] mx-2.5 flickity-cell\" aria-hidden=\"true\" style=\"transform: translateX(108.05%);\"><a href=\"/XERJOFF/Collections/Blends-Collection/Eau-de-Parfum-Spray/index_138056.aspx?variation=223693\" data-behaviour=\"product-variation-view\" id=\"product_0_1\" data-initialized=\"true\"><div class=\"flex flex-col gap-2\"><div><div class=\"flex flex-col gap-1 mb-2\"><div class=\"flex gap-1 h-6\"><span class=\"bg-black text-white px-2 py-1 uppercase rounded-sm text-xs font-bold\">LUXE</span><div class=\"px-1 ml-auto\" data-button=\"toggle-wishlist\"><img class=\"h-4 my-1\" src=\"/images/wishlist.svg\"></div></div><div class=\"flex gap-1 h-6\"><span class=\"bg-lightgray px-2 py-1 uppercase rounded-sm text-xs font-bold\">NOUVEAU</span></div></div>\n\n            <div class=\"relative px-4 pt-8 pb-0 isolate flex items-center justify-center h-53\"><img src=\"https://cdn2.parfumdreams.de/image/product/138056-223693-0-0.webp?box=211\" srcset=\"https://cdn2.parfumdreams.de/image/product/138056-223693-0-0.webp?box=211, https://cdn2.parfumdreams.de/image/product/138056-223693-0-0.webp?box=422 2x\" class=\"object-scale-down h-full\"></div><div class=\"h-6\"></div><p class=\"font-bold\">XERJOFF</p>\n<p>Collections</p>\n<p>Blends Collection</p>\n<p class=\"article-description text-xs text-gray-500\">Eau de Parfum Spray</p><p class=\"article-description text-xs text-gray-500\">Duran Duran NeoRio - Pink</p><div class=\"my-3\"><div class=\"relative w-[3.75rem] aspect-[30/7]\"><img src=\"/images/ratingstars.svg\" class=\"w-full\">\n    <div class=\"absolute right-0 top-0 h-full opacity-75 bg-white\" style=\"width: 100%\"></div></div></div>\n\n<div><p class=\"font-bold text-lg \"><span><span class=\"inline premium:hidden whitespace-pre\" id=\"price_retail_1238097\">330,35 €</span></span>\n        <span class=\"hidden premium:inline text-premium-bright whitespace-pre\" id=\"price_premium_1238097\">297,32 €</span>\n        <span class=\"hidden\" id=\"price_leap_1238097\">297,32 €</span></p></div>\n\n<div class=\"inline premium:hidden text-xs text-darkgray\">50 ml (660,70 € / 100 ml)</div>\n<div class=\"hidden premium:inline text-xs text-darkgray\">50 ml (594,63 € / 100 ml)</div></div>\n\n        </div></a></div><div class=\"w-[calc(50%-1rem)] md:w-[calc(25%-0.99rem)] mx-2.5 flickity-cell\" aria-hidden=\"true\" style=\"transform: translateX(216.1%);\"><a href=\"/Armani/Parfums-pour-hommes/Code-Homme/Parfum/index_138314.aspx?variation=224253\" data-behaviour=\"product-variation-view\" id=\"product_0_2\" data-initialized=\"true\"><div class=\"flex flex-col gap-2\"><div><div class=\"flex flex-col gap-1 mb-2\"><div class=\"flex gap-1 h-6\"><span class=\"bg-lightgray px-2 py-1 uppercase rounded-sm text-xs font-bold\">NOUVEAU</span><div class=\"px-1 ml-auto\" data-button=\"toggle-wishlist\"><img class=\"h-4 my-1\" src=\"/images/wishlist.svg\"></div></div><div class=\"flex gap-1 h-6\"></div></div>\n\n            <div class=\"relative px-4 pt-8 pb-0 isolate flex items-center justify-center h-53\"><img src=\"https://cdn2.parfumdreams.de/image/product/138314-0-0-0.webp?box=211\" srcset=\"https://cdn2.parfumdreams.de/image/product/138314-0-0-0.webp?box=211, https://cdn2.parfumdreams.de/image/product/138314-0-0-0.webp?box=422 2x\" class=\"object-scale-down h-full\"></div><div class=\"h-6\"></div><p class=\"font-bold\">Armani</p>\n<p>Parfums pour hommes</p>\n<p>Code Homme</p>\n<p class=\"article-description text-xs text-gray-500\">Parfum</p><p class=\"article-description text-xs text-gray-500\">Elixir</p><div class=\"my-3\"><div class=\"relative w-[3.75rem] aspect-[30/7]\"><img src=\"/images/ratingstars.svg\" class=\"w-full\">\n    <div class=\"absolute right-0 top-0 h-full opacity-75 bg-white\" style=\"width: 100%\"></div></div></div>\n\n<div><p class=\"font-bold text-lg \"><span><span class=\"inline premium:hidden whitespace-pre\" id=\"price_retail_1228003\">125,85 €</span></span>\n        <span class=\"hidden premium:inline text-premium-bright whitespace-pre\" id=\"price_premium_1228003\">113,27 €</span>\n        <span class=\"hidden\" id=\"price_leap_1228003\">113,27 €</span></p></div>\n\n<div class=\"inline premium:hidden text-xs text-darkgray\">50 ml (251,70 € / 100 ml)</div>\n<div class=\"hidden premium:inline text-xs text-darkgray\">50 ml (226,53 € / 100 ml)</div></div>\n\n        </div></a></div><div class=\"w-[calc(50%-1rem)] md:w-[calc(25%-0.99rem)] mx-2.5 flickity-cell\" aria-hidden=\"true\" style=\"transform: translateX(324.15%);\"><a href=\"/Anfas/Collections/Essence-Of-Arabian-Home/Extrait-de-Parfum/index_137601.aspx?variation=222908\" data-behaviour=\"product-variation-view\" id=\"product_0_3\" data-initialized=\"true\"><div class=\"flex flex-col gap-2\"><div><div class=\"flex flex-col gap-1 mb-2\"><div class=\"flex gap-1 h-6\"><span class=\"bg-black text-white px-2 py-1 uppercase rounded-sm text-xs font-bold\">LUXE</span><div class=\"px-1 ml-auto\" data-button=\"toggle-wishlist\"><img class=\"h-4 my-1\" src=\"/images/wishlist.svg\"></div></div><div class=\"flex gap-1 h-6\"><span class=\"bg-lightgray px-2 py-1 uppercase rounded-sm text-xs font-bold\">NOUVEAU</span></div></div>\n\n            <div class=\"relative px-4 pt-8 pb-0 isolate flex items-center justify-center h-53\"><img src=\"https://cdn2.parfumdreams.de/image/product/137601-222908-0-0.webp?box=211\" srcset=\"https://cdn2.parfumdreams.de/image/product/137601-222908-0-0.webp?box=211, https://cdn2.parfumdreams.de/image/product/137601-222908-0-0.webp?box=422 2x\" class=\"object-scale-down h-full\"></div><div class=\"h-6\"></div><p class=\"font-bold\">Anfas</p>\n<p>Collections</p>\n<p>Essence Of Arabian Home</p>\n<p class=\"article-description text-xs text-gray-500\">Extrait de Parfum</p><p class=\"article-description text-xs text-gray-500\">Mahaba</p><div class=\"my-3\"><div class=\"relative w-[3.75rem] aspect-[30/7]\"><img src=\"/images/ratingstars.svg\" class=\"w-full\">\n    <div class=\"absolute right-0 top-0 h-full opacity-75 bg-white\" style=\"width: 100%\"></div></div></div>\n\n<div><p class=\"font-bold text-lg \"><span><span class=\"inline premium:hidden whitespace-pre\" id=\"price_retail_1234869\">256,94 €</span></span>\n        <span class=\"hidden premium:inline text-premium-bright whitespace-pre\" id=\"price_premium_1234869\">231,25 €</span>\n        <span class=\"hidden\" id=\"price_leap_1234869\">231,25 €</span></p></div>\n\n<div class=\"inline premium:hidden text-xs text-darkgray\">75 ml (342,59 € / 100 ml)</div>\n<div class=\"hidden premium:inline text-xs text-darkgray\">75 ml (308,33 € / 100 ml)</div></div>\n\n        </div></a></div><div class=\"w-[calc(50%-1rem)] md:w-[calc(25%-0.99rem)] mx-2.5 flickity-cell\" aria-hidden=\"true\" style=\"transform: translateX(432.21%);\"><a href=\"/Simone-Andreoli/Collections/Leisure-in-Paradise/Eau-de-Parfum-Intense/index_138503.aspx?variation=224583\" data-behaviour=\"product-variation-view\" id=\"product_0_4\" data-initialized=\"true\"><div class=\"flex flex-col gap-2\"><div><div class=\"flex flex-col gap-1 mb-2\"><div class=\"flex gap-1 h-6\"><span class=\"bg-black text-white px-2 py-1 uppercase rounded-sm text-xs font-bold\">LUXE</span><div class=\"px-1 ml-auto\" data-button=\"toggle-wishlist\"><img class=\"h-4 my-1\" src=\"/images/wishlist.svg\"></div></div><div class=\"flex gap-1 h-6\"><span class=\"bg-lightgray px-2 py-1 uppercase rounded-sm text-xs font-bold\">NOUVEAU</span></div></div>\n\n            <div class=\"relative px-4 pt-8 pb-0 isolate flex items-center justify-center h-53\"><img src=\"https://cdn2.parfumdreams.de/image/product/138503-224583-0-0.webp?box=211\" srcset=\"https://cdn2.parfumdreams.de/image/product/138503-224583-0-0.webp?box=211, https://cdn2.parfumdreams.de/image/product/138503-224583-0-0.webp?box=422 2x\" class=\"object-scale-down h-full\"></div><div class=\"h-6\"></div><p class=\"font-bold\">Simone Andreoli</p>\n<p>Collections</p>\n<p>Leisure in Paradise</p>\n<p class=\"article-description text-xs text-gray-500\">Eau de Parfum Intense</p><p class=\"article-description text-xs text-gray-500\">5th Anniversary</p><div class=\"my-3\"><div class=\"relative w-[3.75rem] aspect-[30/7]\"><img src=\"/images/ratingstars.svg\" class=\"w-full\">\n    <div class=\"absolute right-0 top-0 h-full opacity-75 bg-white\" style=\"width: 100%\"></div></div></div>\n\n<div><p class=\"font-bold text-lg \"><span><span class=\"inline premium:hidden whitespace-pre\" id=\"price_retail_1241312\">157,31 €</span></span>\n        <span class=\"hidden premium:inline text-premium-bright whitespace-pre\" id=\"price_premium_1241312\">141,58 €</span>\n        <span class=\"hidden\" id=\"price_leap_1241312\">141,58 €</span></p></div>\n\n<div class=\"inline premium:hidden text-xs text-darkgray\">100 ml (157,31 € / 100 ml)</div>\n<div class=\"hidden premium:inline text-xs text-darkgray\">100 ml (141,58 € / 100 ml)</div></div>\n\n        </div></a></div><div class=\"w-[calc(50%-1rem)] md:w-[calc(25%-0.99rem)] mx-2.5 flickity-cell\" aria-hidden=\"true\" style=\"transform: translateX(540.26%);\"><a href=\"/XERJOFF/Collections/Blends-Collection/Eau-de-Parfum-Spray/index_138055.aspx?variation=223692\" data-behaviour=\"product-variation-view\" id=\"product_0_5\" data-initialized=\"true\"><div class=\"flex flex-col gap-2\"><div><div class=\"flex flex-col gap-1 mb-2\"><div class=\"flex gap-1 h-6\"><span class=\"bg-black text-white px-2 py-1 uppercase rounded-sm text-xs font-bold\">LUXE</span><div class=\"px-1 ml-auto\" data-button=\"toggle-wishlist\"><img class=\"h-4 my-1\" src=\"/images/wishlist.svg\"></div></div><div class=\"flex gap-1 h-6\"><span class=\"bg-lightgray px-2 py-1 uppercase rounded-sm text-xs font-bold\">NOUVEAU</span></div></div>\n\n            <div class=\"relative px-4 pt-8 pb-0 isolate flex items-center justify-center h-53\"><img src=\"https://cdn2.parfumdreams.de/image/product/138055-223692-0-0.webp?box=211\" srcset=\"https://cdn2.parfumdreams.de/image/product/138055-223692-0-0.webp?box=211, https://cdn2.parfumdreams.de/image/product/138055-223692-0-0.webp?box=422 2x\" class=\"object-scale-down h-full\"></div><div class=\"h-6\"></div><p class=\"font-bold\">XERJOFF</p>\n<p>Collections</p>\n<p>Blends Collection</p>\n<p class=\"article-description text-xs text-gray-500\">Eau de Parfum Spray</p><p class=\"article-description text-xs text-gray-500\">Duran Duran NeoRio - Orange</p><div class=\"my-3\"><div class=\"relative w-[3.75rem] aspect-[30/7]\"><img src=\"/images/ratingstars.svg\" class=\"w-full\">\n    <div class=\"absolute right-0 top-0 h-full opacity-75 bg-white\" style=\"width: 100%\"></div></div></div>\n\n<div><p class=\"font-bold text-lg \"><span><span class=\"inline premium:hidden whitespace-pre\" id=\"price_retail_1238094\">330,35 €</span></span>\n        <span class=\"hidden premium:inline text-premium-bright whitespace-pre\" id=\"price_premium_1238094\">297,32 €</span>\n        <span class=\"hidden\" id=\"price_leap_1238094\">297,32 €</span></p></div>\n\n<div class=\"inline premium:hidden text-xs text-darkgray\">50 ml (660,70 € / 100 ml)</div>\n<div class=\"hidden premium:inline text-xs text-darkgray\">50 ml (594,63 € / 100 ml)</div></div>\n\n        </div></a></div><div class=\"w-[calc(50%-1rem)] md:w-[calc(25%-0.99rem)] mx-2.5 flickity-cell\" aria-hidden=\"true\" style=\"transform: translateX(648.31%);\"><a href=\"/Lancome/Parfums-pour-femmes/O-de-Lancome/Eau-de-Toilette-Vaporisateur/index_138329.aspx?variation=224269\" data-behaviour=\"product-variation-view\" id=\"product_0_6\" data-initialized=\"true\"><div class=\"flex flex-col gap-2\"><div><div class=\"flex flex-col gap-1 mb-2\"><div class=\"flex gap-1 h-6\"><span class=\"bg-lightgray px-2 py-1 uppercase rounded-sm text-xs font-bold\">NOUVEAU</span><div class=\"px-1 ml-auto\" data-button=\"toggle-wishlist\"><img class=\"h-4 my-1\" src=\"/images/wishlist.svg\"></div></div><div class=\"flex gap-1 h-6\"></div></div>\n\n            <div class=\"relative px-4 pt-8 pb-0 isolate flex items-center justify-center h-53\"><img src=\"https://cdn2.parfumdreams.de/image/product/138329-0-0-0.webp?box=211\" srcset=\"https://cdn2.parfumdreams.de/image/product/138329-0-0-0.webp?box=211, https://cdn2.parfumdreams.de/image/product/138329-0-0-0.webp?box=422 2x\" class=\"object-scale-down h-full\"></div><div class=\"h-6\"></div><p class=\"font-bold\">Lancôme</p>\n<p>Parfums pour femmes</p>\n<p>Ô de Lancome</p>\n<p class=\"article-description text-xs text-gray-500\">Eau de Toilette Vaporisateur</p><p class=\"article-description text-xs text-gray-500\">Ôver The Top</p><div class=\"my-3\"><div class=\"relative w-[3.75rem] aspect-[30/7]\"><img src=\"/images/ratingstars.svg\" class=\"w-full\">\n    <div class=\"absolute right-0 top-0 h-full opacity-75 bg-white\" style=\"width: 100%\"></div></div></div>\n\n<div><p class=\"font-bold text-lg \"><span><span class=\"inline premium:hidden whitespace-pre\" id=\"price_retail_1229715\">82,85 €</span></span>\n        <span class=\"hidden premium:inline text-premium-bright whitespace-pre\" id=\"price_premium_1229715\">74,57 €</span>\n        <span class=\"hidden\" id=\"price_leap_1229715\">74,57 €</span></p></div>\n\n<div class=\"inline premium:hidden text-xs text-darkgray\">100 ml (82,85 € / 100 ml)</div>\n<div class=\"hidden premium:inline text-xs text-darkgray\">100 ml (74,57 € / 100 ml)</div></div>\n\n        </div></a></div><div class=\"w-[calc(50%-1rem)] md:w-[calc(25%-0.99rem)] mx-2.5 flickity-cell\" aria-hidden=\"true\" style=\"transform: translateX(756.36%);\"><a href=\"/Anfas/Collections/Fosol/Extrait-de-Parfum/index_137600.aspx?variation=222907\" data-behaviour=\"product-variation-view\" id=\"product_0_7\" data-initialized=\"true\"><div class=\"flex flex-col gap-2\"><div><div class=\"flex flex-col gap-1 mb-2\"><div class=\"flex gap-1 h-6\"><span class=\"bg-black text-white px-2 py-1 uppercase rounded-sm text-xs font-bold\">LUXE</span><div class=\"px-1 ml-auto\" data-button=\"toggle-wishlist\"><img class=\"h-4 my-1\" src=\"/images/wishlist.svg\"></div></div><div class=\"flex gap-1 h-6\"><span class=\"bg-lightgray px-2 py-1 uppercase rounded-sm text-xs font-bold\">NOUVEAU</span></div></div>\n\n            <div class=\"relative px-4 pt-8 pb-0 isolate flex items-center justify-center h-53\"><img src=\"https://cdn2.parfumdreams.de/image/product/137600-222907-0-0.webp?box=211\" srcset=\"https://cdn2.parfumdreams.de/image/product/137600-222907-0-0.webp?box=211, https://cdn2.parfumdreams.de/image/product/137600-222907-0-0.webp?box=422 2x\" class=\"object-scale-down h-full\"></div><div class=\"h-6\"></div><p class=\"font-bold\">Anfas</p>\n<p>Collections</p>\n<p>Fosol</p>\n<p class=\"article-description text-xs text-gray-500\">Extrait de Parfum</p><p class=\"article-description text-xs text-gray-500\">Mada</p><div class=\"my-3\"><div class=\"relative w-[3.75rem] aspect-[30/7]\"><img src=\"/images/ratingstars.svg\" class=\"w-full\">\n    <div class=\"absolute right-0 top-0 h-full opacity-75 bg-white\" style=\"width: 100%\"></div></div></div>\n\n<div><p class=\"font-bold text-lg \"><span><span class=\"inline premium:hidden whitespace-pre\" id=\"price_retail_1234870\">340,84 €</span></span>\n        <span class=\"hidden premium:inline text-premium-bright whitespace-pre\" id=\"price_premium_1234870\">306,76 €</span>\n        <span class=\"hidden\" id=\"price_leap_1234870\">306,76 €</span></p></div>\n\n<div class=\"inline premium:hidden text-xs text-darkgray\">75 ml (454,45 € / 100 ml)</div>\n<div class=\"hidden premium:inline text-xs text-darkgray\">75 ml (409,01 € / 100 ml)</div></div>\n\n        </div></a></div><div class=\"w-[calc(50%-1rem)] md:w-[calc(25%-0.99rem)] mx-2.5 flickity-cell\" aria-hidden=\"true\" style=\"transform: translateX(864.41%);\"><a href=\"/XERJOFF/Collections/Blends-Collection/Eau-de-Parfum-Spray/index_138053.aspx?variation=223690\" data-behaviour=\"product-variation-view\" id=\"product_0_8\" data-initialized=\"true\"><div class=\"flex flex-col gap-2\"><div><div class=\"flex flex-col gap-1 mb-2\"><div class=\"flex gap-1 h-6\"><span class=\"bg-black text-white px-2 py-1 uppercase rounded-sm text-xs font-bold\">LUXE</span><div class=\"px-1 ml-auto\" data-button=\"toggle-wishlist\"><img class=\"h-4 my-1\" src=\"/images/wishlist.svg\"></div></div><div class=\"flex gap-1 h-6\"><span class=\"bg-lightgray px-2 py-1 uppercase rounded-sm text-xs font-bold\">NOUVEAU</span></div></div>\n\n            <div class=\"relative px-4 pt-8 pb-0 isolate flex items-center justify-center h-53\"><img src=\"https://cdn2.parfumdreams.de/image/product/138053-223690-0-0.webp?box=211\" srcset=\"https://cdn2.parfumdreams.de/image/product/138053-223690-0-0.webp?box=211, https://cdn2.parfumdreams.de/image/product/138053-223690-0-0.webp?box=422 2x\" class=\"object-scale-down h-full\"></div><div class=\"h-6\"></div><p class=\"font-bold\">XERJOFF</p>\n<p>Collections</p>\n<p>Blends Collection</p>\n<p class=\"article-description text-xs text-gray-500\">Eau de Parfum Spray</p><p class=\"article-description text-xs text-gray-500\">Duran Duran Black Moonlight</p><div class=\"my-3\"><div class=\"relative w-[3.75rem] aspect-[30/7]\"><img src=\"/images/ratingstars.svg\" class=\"w-full\">\n    <div class=\"absolute right-0 top-0 h-full opacity-75 bg-white\" style=\"width: 100%\"></div></div></div>\n\n<div><p class=\"font-bold text-lg \"><span><span class=\"inline premium:hidden whitespace-pre\" id=\"price_retail_1237143\">330,35 €</span></span>\n        <span class=\"hidden premium:inline text-premium-bright whitespace-pre\" id=\"price_premium_1237143\">297,32 €</span>\n        <span class=\"hidden\" id=\"price_leap_1237143\">297,32 €</span></p></div>\n\n<div class=\"inline premium:hidden text-xs text-darkgray\">50 ml (660,70 € / 100 ml)</div>\n<div class=\"hidden premium:inline text-xs text-darkgray\">50 ml (594,63 € / 100 ml)</div></div>\n\n        </div></a></div><div class=\"w-[calc(50%-1rem)] md:w-[calc(25%-0.99rem)] mx-2.5 flickity-cell\" aria-hidden=\"true\" style=\"transform: translateX(972.46%);\"><a href=\"/Rabanne/Parfums-pour-femmes/Olympea-Absolu/Parfum-Intense/index_138384.aspx?variation=224384\" data-behaviour=\"product-variation-view\" id=\"product_0_9\" data-initialized=\"true\"><div class=\"flex flex-col gap-2\"><div><div class=\"flex flex-col gap-1 mb-2\"><div class=\"flex gap-1 h-6\"><span class=\"bg-lightgray px-2 py-1 uppercase rounded-sm text-xs font-bold\">NOUVEAU</span><div class=\"px-1 ml-auto\" data-button=\"toggle-wishlist\"><img class=\"h-4 my-1\" src=\"/images/wishlist.svg\"></div></div><div class=\"flex gap-1 h-6\"></div></div>\n\n            <div class=\"relative px-4 pt-8 pb-0 isolate flex items-center justify-center h-53\"><img src=\"https://cdn2.parfumdreams.de/image/product/138384-224384-0-0.webp?box=211\" srcset=\"https://cdn2.parfumdreams.de/image/product/138384-224384-0-0.webp?box=211, https://cdn2.parfumdreams.de/image/product/138384-224384-0-0.webp?box=422 2x\" class=\"object-scale-down h-full\"></div><div class=\"h-6\"></div><p class=\"font-bold\">Rabanne</p>\n<p>Parfums pour femmes</p>\n<p>Olympéa Absolu</p>\n<p class=\"article-description text-xs text-gray-500\">Parfum Intense</p><p class=\"article-description text-xs text-gray-500\"><span class=\"invisible-text\">Parfum Intense</span></p><div class=\"my-3\"><div class=\"relative w-[3.75rem] aspect-[30/7]\"><img src=\"/images/ratingstars.svg\" class=\"w-full\">\n    <div class=\"absolute right-0 top-0 h-full opacity-75 bg-white\" style=\"width: 100%\"></div></div></div>\n\n<div><p class=\"font-bold text-lg \"><span><span class=\"inline premium:hidden whitespace-pre\" id=\"price_retail_1226518\">91,24 €</span></span>\n        <span class=\"hidden premium:inline text-premium-bright whitespace-pre\" id=\"price_premium_1226518\">82,12 €</span>\n        <span class=\"hidden\" id=\"price_leap_1226518\">82,12 €</span></p></div>\n\n<div class=\"inline premium:hidden text-xs text-darkgray\">30 ml (304,13 € / 100 ml)</div>\n<div class=\"hidden premium:inline text-xs text-darkgray\">30 ml (273,72 € / 100 ml)</div></div>\n\n        </div></a></div><div class=\"w-[calc(50%-1rem)] md:w-[calc(25%-0.99rem)] mx-2.5 flickity-cell\" aria-hidden=\"true\" style=\"transform: translateX(1080.51%);\"><a href=\"/GIVENCHY/Parfums-pour-femmes/IRRESISTIBLE/Eau-de-Parfum-Vaporisateur/index_137472.aspx?variation=222755\" data-behaviour=\"product-variation-view\" id=\"product_0_10\" data-initialized=\"true\"><div class=\"flex flex-col gap-2\"><div><div class=\"flex flex-col gap-1 mb-2\"><div class=\"flex gap-1 h-6\"><span class=\"bg-lightgray px-2 py-1 uppercase rounded-sm text-xs font-bold\">NOUVEAU</span><div class=\"px-1 ml-auto\" data-button=\"toggle-wishlist\"><img class=\"h-4 my-1\" src=\"/images/wishlist.svg\"></div></div><div class=\"flex gap-1 h-6\"></div></div>\n\n            <div class=\"relative px-4 pt-8 pb-0 isolate flex items-center justify-center h-53\"><img src=\"https://cdn2.parfumdreams.de/image/product/137472-222755-6-6.webp?box=211\" srcset=\"https://cdn2.parfumdreams.de/image/product/137472-222755-6-6.webp?box=211, https://cdn2.parfumdreams.de/image/product/137472-222755-6-6.webp?box=422 2x\" class=\"object-scale-down h-full\"></div><div class=\"h-6\"></div><p class=\"font-bold\">GIVENCHY</p>\n<p>Parfums pour femmes</p>\n<p>IRRÉSISTIBLE</p>\n<p class=\"article-description text-xs text-gray-500\">Eau de Parfum Vaporisateur</p><p class=\"article-description text-xs text-gray-500\">Nude Velvet</p><div class=\"my-3\"><div class=\"relative w-[3.75rem] aspect-[30/7]\"><img src=\"/images/ratingstars.svg\" class=\"w-full\">\n    <div class=\"absolute right-0 top-0 h-full opacity-75 bg-white\" style=\"width: 100%\"></div></div></div>\n\n<div><p class=\"font-bold text-lg \"><span><span class=\"inline premium:hidden whitespace-pre\" id=\"price_retail_1212216\">122,70 €</span></span>\n        <span class=\"hidden premium:inline text-premium-bright whitespace-pre\" id=\"price_premium_1212216\">110,43 €</span>\n        <span class=\"hidden\" id=\"price_leap_1212216\">110,43 €</span></p></div>\n\n<div class=\"inline premium:hidden text-xs text-darkgray\">50 ml (245,40 € / 100 ml)</div>\n<div class=\"hidden premium:inline text-xs text-darkgray\">50 ml (220,86 € / 100 ml)</div></div>\n\n        </div></a></div><div class=\"w-[calc(50%-1rem)] md:w-[calc(25%-0.99rem)] mx-2.5 flickity-cell\" aria-hidden=\"true\" style=\"transform: translateX(1188.56%);\"><a href=\"/DolceGabbana/Parfums-pour-femmes/Light-Blue/Eau-de-Parfum-Spray/index_137283.aspx?variation=222282\" data-behaviour=\"product-variation-view\" id=\"product_0_11\" data-initialized=\"true\"><div class=\"flex flex-col gap-2\"><div><div class=\"flex flex-col gap-1 mb-2\"><div class=\"flex gap-1 h-6\"><span class=\"bg-lightgray px-2 py-1 uppercase rounded-sm text-xs font-bold\">NOUVEAU</span><div class=\"px-1 ml-auto\" data-button=\"toggle-wishlist\"><img class=\"h-4 my-1\" src=\"/images/wishlist.svg\"></div></div><div class=\"flex gap-1 h-6\"></div></div>\n\n            <div class=\"relative px-4 pt-8 pb-0 isolate flex items-center justify-center h-53\"><img src=\"https://cdn2.parfumdreams.de/image/product/137283-222282-1-1.webp?box=211\" srcset=\"https://cdn2.parfumdreams.de/image/product/137283-222282-1-1.webp?box=211, https://cdn2.parfumdreams.de/image/product/137283-222282-1-1.webp?box=422 2x\" class=\"object-scale-down h-full\"></div><div class=\"h-6\"></div><p class=\"font-bold\">Dolce&amp;Gabbana</p>\n<p>Parfums pour femmes</p>\n<p>Light Blue</p>\n<p class=\"article-description text-xs text-gray-500\">Eau de Parfum Spray</p><p class=\"article-description text-xs text-gray-500\">Capri in Love</p><div class=\"my-3\"><div class=\"relative w-[3.75rem] aspect-[30/7]\"><img src=\"/images/ratingstars.svg\" class=\"w-full\">\n    <div class=\"absolute right-0 top-0 h-full opacity-75 bg-white\" style=\"width: 0%\"></div></div></div>\n\n<div><p class=\"font-bold text-lg \"><span><span class=\"inline premium:hidden whitespace-pre\" id=\"price_retail_1223686\">123,75 €</span></span>\n        <span class=\"hidden premium:inline text-premium-bright whitespace-pre\" id=\"price_premium_1223686\">111,38 €</span>\n        <span class=\"hidden\" id=\"price_leap_1223686\">111,38 €</span></p></div>\n\n<div class=\"inline premium:hidden text-xs text-darkgray\">50 ml (247,50 € / 100 ml)</div>\n<div class=\"hidden premium:inline text-xs text-darkgray\">50 ml (222,75 € / 100 ml)</div></div>\n\n        </div></a></div><div class=\"w-[calc(50%-1rem)] md:w-[calc(25%-0.99rem)] mx-2.5 flickity-cell\" aria-hidden=\"true\" style=\"transform: translateX(1296.62%);\"><a href=\"/KENZO/Parfums-pour-femmes/FLOWER-BY-KENZO/Eau-de-Parfum-Vaporisateur/index_137473.aspx?variation=222759\" data-behaviour=\"product-variation-view\" id=\"product_0_12\" data-initialized=\"true\"><div class=\"flex flex-col gap-2\"><div><div class=\"flex flex-col gap-1 mb-2\"><div class=\"flex gap-1 h-6\"><span class=\"bg-lightgray px-2 py-1 uppercase rounded-sm text-xs font-bold\">NOUVEAU</span><div class=\"px-1 ml-auto\" data-button=\"toggle-wishlist\"><img class=\"h-4 my-1\" src=\"/images/wishlist.svg\"></div></div><div class=\"flex gap-1 h-6\"></div></div>\n\n            <div class=\"relative px-4 pt-8 pb-0 isolate flex items-center justify-center h-53\"><img src=\"https://cdn2.parfumdreams.de/image/product/137473-222759-6-6.webp?box=211\" srcset=\"https://cdn2.parfumdreams.de/image/product/137473-222759-6-6.webp?box=211, https://cdn2.parfumdreams.de/image/product/137473-222759-6-6.webp?box=422 2x\" class=\"object-scale-down h-full\"></div><div class=\"h-6\"></div><p class=\"font-bold\">KENZO</p>\n<p>Parfums pour femmes</p>\n<p>FLOWER BY KENZO</p>\n<p class=\"article-description text-xs text-gray-500\">Eau de Parfum Vaporisateur</p><p class=\"article-description text-xs text-gray-500\">Cherry Poppy</p><div class=\"my-3\"><div class=\"relative w-[3.75rem] aspect-[30/7]\"><img src=\"/images/ratingstars.svg\" class=\"w-full\">\n    <div class=\"absolute right-0 top-0 h-full opacity-75 bg-white\" style=\"width: 100%\"></div></div></div>\n\n<div><p class=\"font-bold text-lg \"><span><span class=\"inline premium:hidden whitespace-pre\" id=\"price_retail_1220442\">94,39 €</span></span>\n        <span class=\"hidden premium:inline text-premium-bright whitespace-pre\" id=\"price_premium_1220442\">84,95 €</span>\n        <span class=\"hidden\" id=\"price_leap_1220442\">84,95 €</span></p></div>\n\n<div class=\"inline premium:hidden text-xs text-darkgray\">50 ml (188,78 € / 100 ml)</div>\n<div class=\"hidden premium:inline text-xs text-darkgray\">50 ml (169,90 € / 100 ml)</div></div>\n\n        </div></a></div><div class=\"w-[calc(50%-1rem)] md:w-[calc(25%-0.99rem)] mx-2.5 flickity-cell\" aria-hidden=\"true\" style=\"transform: translateX(1404.67%);\"><a href=\"/Rabanne/Parfums-pour-hommes/Invictus-Victory-Absolu/Parfum-Intense/index_138123.aspx?variation=224387\" data-behaviour=\"product-variation-view\" id=\"product_0_13\" data-initialized=\"true\"><div class=\"flex flex-col gap-2\"><div><div class=\"flex flex-col gap-1 mb-2\"><div class=\"flex gap-1 h-6\"><span class=\"bg-lightgray px-2 py-1 uppercase rounded-sm text-xs font-bold\">NOUVEAU</span><div class=\"px-1 ml-auto\" data-button=\"toggle-wishlist\"><img class=\"h-4 my-1\" src=\"/images/wishlist.svg\"></div></div><div class=\"flex gap-1 h-6\"></div></div>\n\n            <div class=\"relative px-4 pt-8 pb-0 isolate flex items-center justify-center h-53\"><img src=\"https://cdn2.parfumdreams.de/image/product/138123-224387-0-1.webp?box=211\" srcset=\"https://cdn2.parfumdreams.de/image/product/138123-224387-0-1.webp?box=211, https://cdn2.parfumdreams.de/image/product/138123-224387-0-1.webp?box=422 2x\" class=\"object-scale-down h-full\"></div><div class=\"h-6\"></div><p class=\"font-bold\">Rabanne</p>\n<p>Parfums pour hommes</p>\n<p>Invictus Victory Absolu</p>\n<p class=\"article-description text-xs text-gray-500\">Parfum Intense</p><p class=\"article-description text-xs text-gray-500\"><span class=\"invisible-text\">Parfum Intense</span></p><div class=\"my-3\"><div class=\"relative w-[3.75rem] aspect-[30/7]\"><img src=\"/images/ratingstars.svg\" class=\"w-full\">\n    <div class=\"absolute right-0 top-0 h-full opacity-75 bg-white\" style=\"width: 100%\"></div></div></div>\n\n<div><p class=\"font-bold text-lg \"><span><span class=\"inline premium:hidden whitespace-pre\" id=\"price_retail_1226516\">117,46 €</span></span>\n        <span class=\"hidden premium:inline text-premium-bright whitespace-pre\" id=\"price_premium_1226516\">105,71 €</span>\n        <span class=\"hidden\" id=\"price_leap_1226516\">105,71 €</span></p></div>\n\n<div class=\"inline premium:hidden text-xs text-darkgray\">50 ml (234,92 € / 100 ml)</div>\n<div class=\"hidden premium:inline text-xs text-darkgray\">50 ml (211,43 € / 100 ml)</div></div>\n\n        </div></a></div><div class=\"w-[calc(50%-1rem)] md:w-[calc(25%-0.99rem)] mx-2.5 flickity-cell\" aria-hidden=\"true\" style=\"transform: translateX(1512.72%);\"><a href=\"/Kylie-Fragrance/Parfums-pour-femmes/Cosmic/Eau-de-Parfum-Spray/index_138113.aspx?variation=223856\" data-behaviour=\"product-variation-view\" id=\"product_0_14\" data-initialized=\"true\"><div class=\"flex flex-col gap-2\"><div><div class=\"flex flex-col gap-1 mb-2\"><div class=\"flex gap-1 h-6\"><span class=\"bg-lightgray px-2 py-1 uppercase rounded-sm text-xs font-bold\">NOUVEAU</span><div class=\"px-1 ml-auto\" data-button=\"toggle-wishlist\"><img class=\"h-4 my-1\" src=\"/images/wishlist.svg\"></div></div><div class=\"flex gap-1 h-6\"></div></div>\n\n            <div class=\"relative px-4 pt-8 pb-0 isolate flex items-center justify-center h-53\"><img src=\"https://cdn2.parfumdreams.de/image/product/138113-223856-0-0.webp?box=211\" srcset=\"https://cdn2.parfumdreams.de/image/product/138113-223856-0-0.webp?box=211, https://cdn2.parfumdreams.de/image/product/138113-223856-0-0.webp?box=422 2x\" class=\"object-scale-down h-full\"></div><div class=\"h-6\"></div><p class=\"font-bold\">Kylie Fragrance</p>\n<p>Parfums pour femmes</p>\n<p>Cosmic</p>\n<p class=\"article-description text-xs text-gray-500\">Eau de Parfum Spray</p><p class=\"article-description text-xs text-gray-500\">Cosmic 2.0</p><div class=\"my-3\"><div class=\"relative w-[3.75rem] aspect-[30/7]\"><img src=\"/images/ratingstars.svg\" class=\"w-full\">\n    <div class=\"absolute right-0 top-0 h-full opacity-75 bg-white\" style=\"width: 100%\"></div></div></div>\n\n<div><p class=\"font-bold text-lg \"><span><span class=\"inline premium:hidden whitespace-pre\" id=\"price_retail_1214396\">46,95 €</span></span>\n        <span class=\"hidden premium:inline text-premium-bright whitespace-pre\" id=\"price_premium_1214396\">42,26 €</span>\n        <span class=\"hidden\" id=\"price_leap_1214396\">42,26 €</span></p></div>\n\n<div class=\"inline premium:hidden text-xs text-darkgray\">30 ml (156,50 € / 100 ml)</div>\n<div class=\"hidden premium:inline text-xs text-darkgray\">30 ml (140,85 € / 100 ml)</div></div>\n\n        </div></a></div></div></div></div><div data-behaviour=\"flickity-navigation\" class=\"h-6 my-8 flex justify-center items-center\" data-initialized=\"true\"><button type=\"button\" class=\"mr-4 disabled:opacity-50 hidden lg:flex\"><img class=\"w-6 h-6 rotate-180\" src=\"/assets/ArrowRight-421a3e0d.svg\"></button><button type=\"button\" class=\"p-1 \"><div class=\"rounded-full border-[1.5px]  size-2 bg-black border-black\"></div></button><button type=\"button\" class=\"p-1 \"><div class=\"rounded-full border-[1.5px]  size-2 bg-mediumgray border-mediumgray\"></div></button><button type=\"button\" class=\"p-1 \"><div class=\"rounded-full border-[1.5px]  size-2 bg-mediumgray border-mediumgray\"></div></button><button type=\"button\" class=\"p-1 \"><div class=\"rounded-full border-[1.5px]  size-1.5 bg-mediumgray border-mediumgray\"></div></button><button type=\"button\" class=\"p-1 \"><div class=\"rounded-full border-[1.5px]  size-1 bg-mediumgray border-mediumgray\"></div></button><button type=\"button\" class=\"p-1 hidden\"><div class=\"rounded-full border-[1.5px]  size-2 bg-mediumgray border-mediumgray\"></div></button><button type=\"button\" class=\"p-1 hidden\"><div class=\"rounded-full border-[1.5px]  size-2 bg-mediumgray border-mediumgray\"></div></button><button type=\"button\" class=\"p-1 hidden\"><div class=\"rounded-full border-[1.5px]  size-2 bg-mediumgray border-mediumgray\"></div></button><button type=\"button\" class=\"p-1 hidden\"><div class=\"rounded-full border-[1.5px]  size-2 bg-mediumgray border-mediumgray\"></div></button><button type=\"button\" class=\"p-1 hidden\"><div class=\"rounded-full border-[1.5px]  size-2 bg-mediumgray border-mediumgray\"></div></button><button type=\"button\" class=\"p-1 hidden\"><div class=\"rounded-full border-[1.5px]  size-2 bg-mediumgray border-mediumgray\"></div></button><button type=\"button\" class=\"p-1 hidden\"><div class=\"rounded-full border-[1.5px]  size-2 bg-mediumgray border-mediumgray\"></div></button><button type=\"button\" class=\"p-1 hidden\"><div class=\"rounded-full border-[1.5px]  size-2 bg-mediumgray border-mediumgray\"></div></button><button type=\"button\" class=\"p-1 hidden\"><div class=\"rounded-full border-[1.5px]  size-2 bg-mediumgray border-mediumgray\"></div></button><button type=\"button\" class=\"p-1 hidden\"><div class=\"rounded-full border-[1.5px]  size-2 bg-mediumgray border-mediumgray\"></div></button><button type=\"button\" class=\"ml-4 disabled:opacity-50 hidden lg:flex\"><img class=\"w-6 h-6\" src=\"/assets/ArrowRight-421a3e0d.svg\"></button></div></details><details data-tab=\"1\" class=\"hidden open:block\"><summary class=\"hidden\">Soins</summary><div id=\"product_1\" class=\"w-full flex md:justify-between after:hidden after:content-['flickity'] md:after:content-[''] \" data-flickity=\"{&quot;prevNextButtons&quot;: false, &quot;pageDots&quot;: false, &quot;wrapAround&quot;: true, &quot;cellAlign&quot;: &quot;left&quot;, &quot;watchCSS&quot;: true}\"><div class=\"w-[calc(50%-1rem)] md:w-[calc(25%-0.99rem)] mx-2.5\"><a href=\"/Sisley/Soin-de-la-peau/Soins-solaires/Sunleya-Soin-Solaire-Anti-Age-SPF30/index_135949.aspx?variation=219730\" data-behaviour=\"product-variation-view\" id=\"product_1_0\" data-initialized=\"true\"><div class=\"flex flex-col gap-2\"><div><div class=\"flex flex-col gap-1 mb-2\"><div class=\"flex gap-1 h-6\"><span class=\"bg-lightgray px-2 py-1 uppercase rounded-sm text-xs font-bold\">NOUVEAU</span><div class=\"px-1 ml-auto\" data-button=\"toggle-wishlist\"><img class=\"h-4 my-1\" src=\"/images/wishlist.svg\"></div></div><div class=\"flex gap-1 h-6\"></div></div>\n\n            <div class=\"relative px-4 pt-8 pb-0 isolate flex items-center justify-center h-53\"><img src=\"https://cdn2.parfumdreams.de/image/product/135949-219730-0-0.webp?box=211\" srcset=\"https://cdn2.parfumdreams.de/image/product/135949-219730-0-0.webp?box=211, https://cdn2.parfumdreams.de/image/product/135949-219730-0-0.webp?box=422 2x\" class=\"object-scale-down h-full\"></div><div class=\"h-6\"></div><p class=\"font-bold\">Sisley</p>\n<p>Soin de la peau</p>\n<p>Soins solaires</p>\n<p class=\"article-description text-xs text-gray-500\">Sunleÿa Soin Solaire Anti-Âge SPF30</p><p class=\"article-description text-xs text-gray-500\"><span class=\"invisible-text\">Sunleÿa Soin Solaire Anti-Âge SPF30</span></p><div class=\"my-3\"><div class=\"relative w-[3.75rem] aspect-[30/7]\"><img src=\"/images/ratingstars.svg\" class=\"w-full\">\n    <div class=\"absolute right-0 top-0 h-full opacity-75 bg-white\" style=\"width: 100%\"></div></div></div>\n\n<div><p class=\"font-bold text-lg \"><span><span class=\"inline premium:hidden whitespace-pre\" id=\"price_retail_1219886\">149,82 €</span></span>\n        <span class=\"hidden premium:inline text-premium-bright whitespace-pre\" id=\"price_premium_1219886\">134,84 €</span>\n        <span class=\"hidden\" id=\"price_leap_1219886\">134,84 €</span></p></div>\n\n<div class=\"inline premium:hidden text-xs text-darkgray\">50 ml (299,64 € / 100 ml)</div>\n<div class=\"hidden premium:inline text-xs text-darkgray\">50 ml (269,68 € / 100 ml)</div></div>\n\n        </div></a></div><div class=\"w-[calc(50%-1rem)] md:w-[calc(25%-0.99rem)] mx-2.5\"><a href=\"/Sol-de-Janeiro/Soin/Soin-du-corps/Copacabana-Bronze/index_138160.aspx?variation=223917\" data-behaviour=\"product-variation-view\" id=\"product_1_1\" data-initialized=\"true\"><div class=\"flex flex-col gap-2\"><div><div class=\"flex flex-col gap-1 mb-2\"><div class=\"flex gap-1 h-6\"><span class=\"bg-lightgray px-2 py-1 uppercase rounded-sm text-xs font-bold\">NOUVEAU</span><div class=\"px-1 ml-auto\" data-button=\"toggle-wishlist\"><img class=\"h-4 my-1\" src=\"/images/wishlist.svg\"></div></div><div class=\"flex gap-1 h-6\"></div></div>\n\n            <div class=\"relative px-4 pt-8 pb-0 isolate flex items-center justify-center h-53\"><img src=\"https://cdn2.parfumdreams.de/image/product/138160-223917-0-0.webp?box=211\" srcset=\"https://cdn2.parfumdreams.de/image/product/138160-223917-0-0.webp?box=211, https://cdn2.parfumdreams.de/image/product/138160-223917-0-0.webp?box=422 2x\" class=\"object-scale-down h-full\"></div><div class=\"h-6\"></div><p class=\"font-bold\">Sol de Janeiro</p>\n<p>Soin</p>\n<p>Soin du corps</p>\n<p class=\"article-description text-xs text-gray-500\">Copacabana Bronze</p><p class=\"article-description text-xs text-gray-500\"><span class=\"invisible-text\">Copacabana Bronze</span></p><div class=\"my-3\"><div class=\"relative w-[3.75rem] aspect-[30/7]\"><img src=\"/images/ratingstars.svg\" class=\"w-full\">\n    <div class=\"absolute right-0 top-0 h-full opacity-75 bg-white\" style=\"width: 100%\"></div></div></div>\n\n<div><p class=\"font-bold text-lg \"><span><span class=\"inline premium:hidden whitespace-pre\" id=\"price_retail_1230167\">34,00 €</span></span>\n        <span class=\"hidden premium:inline text-premium-bright whitespace-pre\" id=\"price_premium_1230167\">30,60 €</span>\n        <span class=\"hidden\" id=\"price_leap_1230167\">30,60 €</span></p></div>\n\n<div class=\"inline premium:hidden text-xs text-darkgray\">75 ml (45,33 € / 100 ml)</div>\n<div class=\"hidden premium:inline text-xs text-darkgray\">75 ml (40,80 € / 100 ml)</div></div>\n\n        </div></a></div><div class=\"w-[calc(50%-1rem)] md:w-[calc(25%-0.99rem)] mx-2.5\"><a href=\"/puremetics/Soin/Peelings-Masks/Masque-Peel-Off/index_137476.aspx?variation=222761\" data-behaviour=\"product-variation-view\" id=\"product_1_2\" data-initialized=\"true\"><div class=\"flex flex-col gap-2\"><div><div class=\"flex flex-col gap-1 mb-2\"><div class=\"flex gap-1 h-6\"><span class=\"bg-lightgray px-2 py-1 uppercase rounded-sm text-xs font-bold\">NOUVEAU</span><div class=\"px-1 ml-auto\" data-button=\"toggle-wishlist\"><img class=\"h-4 my-1\" src=\"/images/wishlist.svg\"></div></div><div class=\"flex gap-1 h-6\"></div></div>\n\n            <div class=\"relative px-4 pt-8 pb-0 isolate flex items-center justify-center h-53\"><img src=\"https://cdn2.parfumdreams.de/image/product/137476-0-0-0.webp?box=211\" srcset=\"https://cdn2.parfumdreams.de/image/product/137476-0-0-0.webp?box=211, https://cdn2.parfumdreams.de/image/product/137476-0-0-0.webp?box=422 2x\" class=\"object-scale-down h-full\"></div><div class=\"h-6\"></div><p class=\"font-bold\">puremetics</p>\n<p>Soin</p>\n<p>Peelings &amp; Masks</p>\n<p class=\"article-description text-xs text-gray-500\">Masque Peel-Off</p><p class=\"article-description text-xs text-gray-500\">Vieillissement lent</p><div class=\"my-3\"><div class=\"relative w-[3.75rem] aspect-[30/7]\"><img src=\"/images/ratingstars.svg\" class=\"w-full\">\n    <div class=\"absolute right-0 top-0 h-full opacity-75 bg-white\" style=\"width: 100%\"></div></div></div>\n\n<div><p class=\"font-bold text-lg \"><span><span class=\"inline premium:hidden whitespace-pre\" id=\"price_retail_1233183\">26,17 €</span></span>\n        <span class=\"hidden premium:inline text-premium-bright whitespace-pre\" id=\"price_premium_1233183\">23,55 €</span>\n        <span class=\"hidden\" id=\"price_leap_1233183\">23,55 €</span></p></div>\n\n<div class=\"inline premium:hidden text-xs text-darkgray\">130 g (20,13 € / 100 g)</div>\n<div class=\"hidden premium:inline text-xs text-darkgray\">130 g (18,12 € / 100 g)</div></div>\n\n        </div></a></div><div class=\"w-[calc(50%-1rem)] md:w-[calc(25%-0.99rem)] mx-2.5\"><a href=\"/Jo-Malone-London/Soins-du-corps/Creme-pour-les-mains/Creme-pour-les-mains/index_137329.aspx?variation=222395\" data-behaviour=\"product-variation-view\" id=\"product_1_3\" data-initialized=\"true\"><div class=\"flex flex-col gap-2\"><div><div class=\"flex flex-col gap-1 mb-2\"><div class=\"flex gap-1 h-6\"><span class=\"bg-lightgray px-2 py-1 uppercase rounded-sm text-xs font-bold\">NOUVEAU</span><div class=\"px-1 ml-auto\" data-button=\"toggle-wishlist\"><img class=\"h-4 my-1\" src=\"/images/wishlist.svg\"></div></div><div class=\"flex gap-1 h-6\"></div></div>\n\n            <div class=\"relative px-4 pt-8 pb-0 isolate flex items-center justify-center h-53\"><img src=\"https://cdn2.parfumdreams.de/image/product/137329-222395-0-0.webp?box=211\" srcset=\"https://cdn2.parfumdreams.de/image/product/137329-222395-0-0.webp?box=211, https://cdn2.parfumdreams.de/image/product/137329-222395-0-0.webp?box=422 2x\" class=\"object-scale-down h-full\"></div><div class=\"h-6\"></div><p class=\"font-bold\">Jo Malone London</p>\n<p>Soins du corps</p>\n<p>Crème pour les mains</p>\n<p class=\"article-description text-xs text-gray-500\">Crème pour les mains</p><p class=\"article-description text-xs text-gray-500\"><span class=\"invisible-text\">Crème pour les mains</span></p><div class=\"my-3\"><div class=\"relative w-[3.75rem] aspect-[30/7]\"><img src=\"/images/ratingstars.svg\" class=\"w-full\">\n    <div class=\"absolute right-0 top-0 h-full opacity-75 bg-white\" style=\"width: 100%\"></div></div></div>\n\n<div><p class=\"font-bold text-lg \"><span><span class=\"inline premium:hidden whitespace-pre\" id=\"price_retail_1219396\">31,46 €</span></span>\n        <span class=\"hidden premium:inline text-premium-bright whitespace-pre\" id=\"price_premium_1219396\">28,31 €</span>\n        <span class=\"hidden\" id=\"price_leap_1219396\">28,31 €</span></p></div>\n\n<div class=\"inline premium:hidden text-xs text-darkgray\">30 ml (104,87 € / 100 ml)</div>\n<div class=\"hidden premium:inline text-xs text-darkgray\">30 ml (94,38 € / 100 ml)</div></div>\n\n        </div></a></div></div><div data-behaviour=\"flickity-navigation\" class=\"h-6 my-8 flex justify-center items-center\" data-initialized=\"true\"></div></details><details data-tab=\"2\" class=\"hidden open:block\"><summary class=\"hidden\">Maquillage</summary><div id=\"product_2\" class=\"w-full flex after:hidden after:content-['flickity'] flickity-enabled is-draggable\" data-flickity=\"{&quot;prevNextButtons&quot;: false, &quot;pageDots&quot;: false, &quot;wrapAround&quot;: true, &quot;cellAlign&quot;: &quot;left&quot;, &quot;watchCSS&quot;: true}\" tabindex=\"0\"><div class=\"flickity-viewport\" style=\"height: 0px;\"><div class=\"flickity-slider\"><div class=\"w-[calc(50%-1rem)] md:w-[calc(25%-0.99rem)] mx-2.5 flickity-cell is-selected\"><a href=\"/Estee-Lauder/Makeup/Maquillage-pour-les-levres/Pure-Color-Melt-on-Glosstick/index_137240.aspx?variation=222175\" data-behaviour=\"product-variation-view\" id=\"product_2_0\" data-initialized=\"true\"><div class=\"flex flex-col gap-2\"><div><div class=\"flex flex-col gap-1 mb-2\"><div class=\"flex gap-1 h-6\"><span class=\"bg-lightgray px-2 py-1 uppercase rounded-sm text-xs font-bold\">NOUVEAU</span><div class=\"px-1 ml-auto\" data-button=\"toggle-wishlist\"><img class=\"h-4 my-1\" src=\"/images/wishlist.svg\"></div></div><div class=\"flex gap-1 h-6\"></div></div>\n\n            <div class=\"relative px-4 pt-8 pb-0 isolate flex items-center justify-center h-53\"><img src=\"https://cdn2.parfumdreams.de/image/product/137240-222175-3-3.webp?box=211\" srcset=\"https://cdn2.parfumdreams.de/image/product/137240-222175-3-3.webp?box=211, https://cdn2.parfumdreams.de/image/product/137240-222175-3-3.webp?box=422 2x\" class=\"object-scale-down h-full\"></div><div class=\"-ml-[2px] h-6\"><div style=\"background-color: #D97388FF\" class=\"inline-block w-4 h-4 border-white rounded-full border-2 -mr-3\"></div><div style=\"background-color: #9D4743FF\" class=\"inline-block w-4 h-4 border-white rounded-full border-2 -mr-3\"></div><div style=\"background-color: #B14B56FF\" class=\"inline-block w-4 h-4 border-white rounded-full border-2 -mr-3\"></div><span class=\"text-sm align-top ml-3\">+5</span></div><p class=\"font-bold\">Estée Lauder</p>\n<p>Makeup</p>\n<p>Maquillage pour les lèvres</p>\n<p class=\"article-description text-xs text-gray-500\">Pure Color Melt on Glosstick</p><p class=\"article-description text-xs text-gray-500\"><span class=\"invisible-text\">Pure Color Melt on Glosstick</span></p><div class=\"my-3\"><div class=\"relative w-[3.75rem] aspect-[30/7]\"><img src=\"/images/ratingstars.svg\" class=\"w-full\">\n    <div class=\"absolute right-0 top-0 h-full opacity-75 bg-white\" style=\"width: 100%\"></div></div></div>\n\n<div><p class=\"font-bold text-lg \"><span><span class=\"inline premium:hidden whitespace-pre\" id=\"price_retail_1221994\">40,90 €</span></span>\n        <span class=\"hidden premium:inline text-premium-bright whitespace-pre\" id=\"price_premium_1221994\">36,81 €</span>\n        <span class=\"hidden\" id=\"price_leap_1221994\">36,81 €</span></p></div>\n\n<div class=\"inline premium:hidden text-xs text-darkgray\">1,8 g</div>\n<div class=\"hidden premium:inline text-xs text-darkgray\">1,8 g</div></div>\n\n        </div></a></div><div class=\"w-[calc(50%-1rem)] md:w-[calc(25%-0.99rem)] mx-2.5 flickity-cell\" aria-hidden=\"true\"><a href=\"/MADARA/Maquillage/Yeux/The-Brow-Pencil/index_136913.aspx?variation=221627\" data-behaviour=\"product-variation-view\" id=\"product_2_1\" data-initialized=\"true\"><div class=\"flex flex-col gap-2\"><div><div class=\"flex flex-col gap-1 mb-2\"><div class=\"flex gap-1 h-6\"><span class=\"bg-lightgray px-2 py-1 uppercase rounded-sm text-xs font-bold\">NOUVEAU</span><div class=\"px-1 ml-auto\" data-button=\"toggle-wishlist\"><img class=\"h-4 my-1\" src=\"/images/wishlist.svg\"></div></div><div class=\"flex gap-1 h-6\"></div></div>\n\n            <div class=\"relative px-4 pt-8 pb-0 isolate flex items-center justify-center h-53\"><img src=\"https://cdn2.parfumdreams.de/image/product/136913-221627-2-2.webp?box=211\" srcset=\"https://cdn2.parfumdreams.de/image/product/136913-221627-2-2.webp?box=211, https://cdn2.parfumdreams.de/image/product/136913-221627-2-2.webp?box=422 2x\" class=\"object-scale-down h-full\"></div><div class=\"h-6\"></div><p class=\"font-bold\">MÁDARA</p>\n<p>Maquillage</p>\n<p>Yeux</p>\n<p class=\"article-description text-xs text-gray-500\">The Brow Pencil</p><p class=\"article-description text-xs text-gray-500\"><span class=\"invisible-text\">The Brow Pencil</span></p><div class=\"my-3\"><div class=\"relative w-[3.75rem] aspect-[30/7]\"><img src=\"/images/ratingstars.svg\" class=\"w-full\">\n    <div class=\"absolute right-0 top-0 h-full opacity-75 bg-white\" style=\"width: 100%\"></div></div></div>\n\n<div><p class=\"font-bold text-lg \"><span><span class=\"inline premium:hidden whitespace-pre\" id=\"price_retail_1058157\">17,95 €</span></span>\n        <span class=\"hidden premium:inline text-premium-bright whitespace-pre\" id=\"price_premium_1058157\">16,16 €</span>\n        <span class=\"hidden\" id=\"price_leap_1058157\">16,16 €</span></p></div>\n\n<div class=\"inline premium:hidden text-xs text-darkgray\">1,2 g</div>\n<div class=\"hidden premium:inline text-xs text-darkgray\">1,2 g</div></div>\n\n        </div></a></div><div class=\"w-[calc(50%-1rem)] md:w-[calc(25%-0.99rem)] mx-2.5 flickity-cell\" aria-hidden=\"true\"><a href=\"/NARS/Lip-make-up/Lipgloss/Afterglow-Lip-Oil/index_137904.aspx?variation=223428\" data-behaviour=\"product-variation-view\" id=\"product_2_2\" data-initialized=\"true\"><div class=\"flex flex-col gap-2\"><div><div class=\"flex flex-col gap-1 mb-2\"><div class=\"flex gap-1 h-6\"><span class=\"bg-lightgray px-2 py-1 uppercase rounded-sm text-xs font-bold\">NOUVEAU</span><div class=\"px-1 ml-auto\" data-button=\"toggle-wishlist\"><img class=\"h-4 my-1\" src=\"/images/wishlist.svg\"></div></div><div class=\"flex gap-1 h-6\"></div></div>\n\n            <div class=\"relative px-4 pt-8 pb-0 isolate flex items-center justify-center h-53\"><img src=\"https://cdn2.parfumdreams.de/image/product/137904-223428-0-0.webp?box=211\" srcset=\"https://cdn2.parfumdreams.de/image/product/137904-223428-0-0.webp?box=211, https://cdn2.parfumdreams.de/image/product/137904-223428-0-0.webp?box=422 2x\" class=\"object-scale-down h-full\"></div><div class=\"-ml-[2px] h-6\"><div style=\"background-color: #FC8A94FF\" class=\"inline-block w-4 h-4 border-white rounded-full border-2 -mr-3\"></div><div style=\"background-color: #D06F2BFF\" class=\"inline-block w-4 h-4 border-white rounded-full border-2 -mr-3\"></div><div style=\"background-color: #F37583FF\" class=\"inline-block w-4 h-4 border-white rounded-full border-2 -mr-3\"></div><span class=\"text-sm align-top ml-3\">+1</span></div><p class=\"font-bold\">NARS</p>\n<p>Lip make-up</p>\n<p>Lipgloss</p>\n<p class=\"article-description text-xs text-gray-500\">Afterglow Lip Oil</p><p class=\"article-description text-xs text-gray-500\"><span class=\"invisible-text\">Afterglow Lip Oil</span></p><div class=\"my-3\"><div class=\"relative w-[3.75rem] aspect-[30/7]\"><img src=\"/images/ratingstars.svg\" class=\"w-full\">\n    <div class=\"absolute right-0 top-0 h-full opacity-75 bg-white\" style=\"width: 100%\"></div></div></div>\n\n<div><p class=\"font-bold text-lg \"><span><span class=\"inline premium:hidden whitespace-pre\" id=\"price_retail_1228717\">33,56 €</span></span>\n        <span class=\"hidden premium:inline text-premium-bright whitespace-pre\" id=\"price_premium_1228717\">30,20 €</span>\n        <span class=\"hidden\" id=\"price_leap_1228717\">30,20 €</span></p></div>\n\n<div class=\"inline premium:hidden text-xs text-darkgray\">5,7 ml</div>\n<div class=\"hidden premium:inline text-xs text-darkgray\">5,7 ml</div></div>\n\n        </div></a></div><div class=\"w-[calc(50%-1rem)] md:w-[calc(25%-0.99rem)] mx-2.5 flickity-cell\" aria-hidden=\"true\"><a href=\"/ANNY/Ongles/Vernis-a-ongles/Peinture-pour-ongles/index_138278.aspx?variation=224187\" data-behaviour=\"product-variation-view\" id=\"product_2_3\" data-initialized=\"true\"><div class=\"flex flex-col gap-2\"><div><div class=\"flex flex-col gap-1 mb-2\"><div class=\"flex gap-1 h-6\"><span class=\"bg-lightgray px-2 py-1 uppercase rounded-sm text-xs font-bold\">NOUVEAU</span><div class=\"px-1 ml-auto\" data-button=\"toggle-wishlist\"><img class=\"h-4 my-1\" src=\"/images/wishlist.svg\"></div></div><div class=\"flex gap-1 h-6\"></div></div>\n\n            <div class=\"relative px-4 pt-8 pb-0 isolate flex items-center justify-center h-53\"><img src=\"https://cdn2.parfumdreams.de/image/product/138278-224187-0-0.webp?box=211\" srcset=\"https://cdn2.parfumdreams.de/image/product/138278-224187-0-0.webp?box=211, https://cdn2.parfumdreams.de/image/product/138278-224187-0-0.webp?box=422 2x\" class=\"object-scale-down h-full\"></div><div class=\"-ml-[2px] h-6\"><div style=\"background-color: #C94735FF\" class=\"inline-block w-4 h-4 border-white rounded-full border-2 -mr-3\"></div><div style=\"background-color: #1C1B2DFF\" class=\"inline-block w-4 h-4 border-white rounded-full border-2 -mr-3\"></div><div style=\"background-color: #DDC2AFFF\" class=\"inline-block w-4 h-4 border-white rounded-full border-2 -mr-3\"></div><span class=\"text-sm align-top ml-3\">+3</span></div><p class=\"font-bold\">ANNY</p>\n<p>Ongles</p>\n<p>Vernis à ongles</p>\n<p class=\"article-description text-xs text-gray-500\">Peinture pour ongles</p><p class=\"article-description text-xs text-gray-500\"><span class=\"invisible-text\">Peinture pour ongles</span></p><div class=\"my-3\"><div class=\"relative w-[3.75rem] aspect-[30/7]\"><img src=\"/images/ratingstars.svg\" class=\"w-full\">\n    <div class=\"absolute right-0 top-0 h-full opacity-75 bg-white\" style=\"width: 100%\"></div></div></div>\n\n<div><p class=\"font-bold text-lg \"><span><span class=\"inline premium:hidden whitespace-pre\" id=\"price_retail_1232682\">10,48 €</span></span>\n        <span class=\"hidden premium:inline text-premium-bright whitespace-pre\" id=\"price_premium_1232682\">9,43 €</span>\n        <span class=\"hidden\" id=\"price_leap_1232682\">9,43 €</span></p></div>\n\n<div class=\"inline premium:hidden text-xs text-darkgray\">15 ml (69,87 € / 100 ml)</div>\n<div class=\"hidden premium:inline text-xs text-darkgray\">15 ml (62,88 € / 100 ml)</div></div>\n\n        </div></a></div><div class=\"w-[calc(50%-1rem)] md:w-[calc(25%-0.99rem)] mx-2.5 flickity-cell\" aria-hidden=\"true\"><a href=\"/Lancome/Make-up/Yeux/Hypnose-Drama-Waterproof/index_26754.aspx?variation=223029\" data-behaviour=\"product-variation-view\" id=\"product_2_4\" data-initialized=\"true\"><div class=\"flex flex-col gap-2\"><div><div class=\"flex flex-col gap-1 mb-2\"><div class=\"flex gap-1 h-6\"><span class=\"bg-lightgray px-2 py-1 uppercase rounded-sm text-xs font-bold\">NOUVEAU</span><div class=\"px-1 ml-auto\" data-button=\"toggle-wishlist\"><img class=\"h-4 my-1\" src=\"/images/wishlist.svg\"></div></div><div class=\"flex gap-1 h-6\"></div></div>\n\n            <div class=\"relative px-4 pt-8 pb-0 isolate flex items-center justify-center h-53\"><img src=\"https://cdn2.parfumdreams.de/image/product/26754-0-0-4.webp?box=211\" srcset=\"https://cdn2.parfumdreams.de/image/product/26754-0-0-4.webp?box=211, https://cdn2.parfumdreams.de/image/product/26754-0-0-4.webp?box=422 2x\" class=\"object-scale-down h-full\"></div><div class=\"h-6\"></div><p class=\"font-bold\">Lancôme</p>\n<p>Make-up</p>\n<p>Yeux</p>\n<p class=\"article-description text-xs text-gray-500\">Hypnôse Drama Waterproof</p><p class=\"article-description text-xs text-gray-500\"><span class=\"invisible-text\">Hypnôse Drama Waterproof</span></p><div class=\"my-3\"><div class=\"relative w-[3.75rem] aspect-[30/7]\"><img src=\"/images/ratingstars.svg\" class=\"w-full\">\n    <div class=\"absolute right-0 top-0 h-full opacity-75 bg-white\" style=\"width: 10%\"></div></div></div>\n\n<div><p class=\"font-bold text-lg \"><span><span class=\"inline premium:hidden whitespace-pre\" id=\"price_retail_1227614\">40,90 €</span></span>\n        <span class=\"hidden premium:inline text-premium-bright whitespace-pre\" id=\"price_premium_1227614\">36,81 €</span>\n        <span class=\"hidden\" id=\"price_leap_1227614\">36,81 €</span></p></div>\n\n<div class=\"inline premium:hidden text-xs text-darkgray\">8 ml</div>\n<div class=\"hidden premium:inline text-xs text-darkgray\">8 ml</div></div>\n\n        </div></a></div><div class=\"w-[calc(50%-1rem)] md:w-[calc(25%-0.99rem)] mx-2.5 flickity-cell\" aria-hidden=\"true\"><a href=\"/NARS/Maquillage-du-visage/Blush/Hot-Escape-Cheek-Palette/index_137893.aspx?variation=223410\" data-behaviour=\"product-variation-view\" id=\"product_2_5\" data-initialized=\"true\"><div class=\"flex flex-col gap-2\"><div><div class=\"flex flex-col gap-1 mb-2\"><div class=\"flex gap-1 h-6\"><span class=\"bg-lightgray px-2 py-1 uppercase rounded-sm text-xs font-bold\">NOUVEAU</span><div class=\"px-1 ml-auto\" data-button=\"toggle-wishlist\"><img class=\"h-4 my-1\" src=\"/images/wishlist.svg\"></div></div><div class=\"flex gap-1 h-6\"></div></div>\n\n            <div class=\"relative px-4 pt-8 pb-0 isolate flex items-center justify-center h-53\"><img src=\"https://cdn2.parfumdreams.de/image/product/137893-223410-9-9.webp?box=211\" srcset=\"https://cdn2.parfumdreams.de/image/product/137893-223410-9-9.webp?box=211, https://cdn2.parfumdreams.de/image/product/137893-223410-9-9.webp?box=422 2x\" class=\"object-scale-down h-full\"></div><div class=\"-ml-[2px] h-6\"><div style=\"background-color: #B16045E5\" class=\"inline-block w-4 h-4 border-white rounded-full border-2 -mr-3\"></div><div style=\"background-color: #D1868CE5\" class=\"inline-block w-4 h-4 border-white rounded-full border-2 -mr-3\"></div><div style=\"background-color: #C46C60E5\" class=\"inline-block w-4 h-4 border-white rounded-full border-2 -mr-3\"></div><span class=\"text-sm align-top ml-3\">+1</span></div><p class=\"font-bold\">NARS</p>\n<p>Maquillage du visage</p>\n<p>Blush</p>\n<p class=\"article-description text-xs text-gray-500\">Hot Escape Cheek Palette</p><p class=\"article-description text-xs text-gray-500\"><span class=\"invisible-text\">Hot Escape Cheek Palette</span></p><div class=\"my-3\"><div class=\"relative w-[3.75rem] aspect-[30/7]\"><img src=\"/images/ratingstars.svg\" class=\"w-full\">\n    <div class=\"absolute right-0 top-0 h-full opacity-75 bg-white\" style=\"width: 100%\"></div></div></div>\n\n<div><p class=\"font-bold text-lg \"><span><span class=\"inline premium:hidden whitespace-pre\" id=\"price_retail_1228722\">54,53 €</span></span>\n        <span class=\"hidden premium:inline text-premium-bright whitespace-pre\" id=\"price_premium_1228722\">49,08 €</span>\n        <span class=\"hidden\" id=\"price_leap_1228722\">49,08 €</span></p></div>\n\n<div class=\"inline premium:hidden text-xs text-darkgray\">14 g (389,50 € / 100 g)</div>\n<div class=\"hidden premium:inline text-xs text-darkgray\">14 g (350,55 € / 100 g)</div></div>\n\n        </div></a></div></div></div></div><div data-behaviour=\"flickity-navigation\" class=\"h-6 my-8 flex justify-center items-center\" data-initialized=\"true\"><button type=\"button\" class=\"mr-4 disabled:opacity-50 hidden lg:flex\"><img class=\"w-6 h-6 rotate-180\" src=\"/assets/ArrowRight-421a3e0d.svg\"></button><button type=\"button\" class=\"p-1 \"><div class=\"rounded-full border-[1.5px]  size-2 bg-black border-black\"></div></button><button type=\"button\" class=\"p-1 \"><div class=\"rounded-full border-[1.5px]  size-2 bg-mediumgray border-mediumgray\"></div></button><button type=\"button\" class=\"p-1 \"><div class=\"rounded-full border-[1.5px]  size-2 bg-mediumgray border-mediumgray\"></div></button><button type=\"button\" class=\"p-1 \"><div class=\"rounded-full border-[1.5px]  size-1.5 bg-mediumgray border-mediumgray\"></div></button><button type=\"button\" class=\"p-1 \"><div class=\"rounded-full border-[1.5px]  size-1 bg-mediumgray border-mediumgray\"></div></button><button type=\"button\" class=\"p-1 hidden\"><div class=\"rounded-full border-[1.5px]  size-2 bg-mediumgray border-mediumgray\"></div></button><button type=\"button\" class=\"ml-4 disabled:opacity-50 hidden lg:flex\"><img class=\"w-6 h-6\" src=\"/assets/ArrowRight-421a3e0d.svg\"></button></div></details><details data-tab=\"3\" class=\"hidden open:block\"><summary class=\"hidden\">Cheveux</summary><div id=\"product_3\" class=\"w-full flex md:justify-between after:hidden after:content-['flickity'] md:after:content-[''] \" data-flickity=\"{&quot;prevNextButtons&quot;: false, &quot;pageDots&quot;: false, &quot;wrapAround&quot;: true, &quot;cellAlign&quot;: &quot;left&quot;, &quot;watchCSS&quot;: true}\"><div class=\"w-[calc(50%-1rem)] md:w-[calc(25%-0.99rem)] mx-2.5\"><a href=\"/Molton-Brown/Collection/Cypres-Cotier-Criste-Marine/Conditioner/index_137789.aspx?variation=223231\" data-behaviour=\"product-variation-view\" id=\"product_3_0\" data-initialized=\"true\"><div class=\"flex flex-col gap-2\"><div><div class=\"flex flex-col gap-1 mb-2\"><div class=\"flex gap-1 h-6\"><span class=\"bg-lightgray px-2 py-1 uppercase rounded-sm text-xs font-bold\">NOUVEAU</span><div class=\"px-1 ml-auto\" data-button=\"toggle-wishlist\"><img class=\"h-4 my-1\" src=\"/images/wishlist.svg\"></div></div><div class=\"flex gap-1 h-6\"></div></div>\n\n            <div class=\"relative px-4 pt-8 pb-0 isolate flex items-center justify-center h-53\"><img src=\"https://cdn2.parfumdreams.de/image/product/137789-223231-0-0.webp?box=211\" srcset=\"https://cdn2.parfumdreams.de/image/product/137789-223231-0-0.webp?box=211, https://cdn2.parfumdreams.de/image/product/137789-223231-0-0.webp?box=422 2x\" class=\"object-scale-down h-full\"></div><div class=\"h-6\"></div><p class=\"font-bold\">Molton Brown</p>\n<p>Collection</p>\n<p>Cyprès Côtier &amp; Criste Marine</p>\n<p class=\"article-description text-xs text-gray-500\">Conditioner</p><p class=\"article-description text-xs text-gray-500\"><span class=\"invisible-text\">Conditioner</span></p><div class=\"my-3\"><div class=\"relative w-[3.75rem] aspect-[30/7]\"><img src=\"/images/ratingstars.svg\" class=\"w-full\">\n    <div class=\"absolute right-0 top-0 h-full opacity-75 bg-white\" style=\"width: 100%\"></div></div></div>\n\n<div><p class=\"font-bold text-lg \"><span><span class=\"inline premium:hidden whitespace-pre\" id=\"price_retail_1230178\">23,07 €</span></span>\n        <span class=\"hidden premium:inline text-premium-bright whitespace-pre\" id=\"price_premium_1230178\">20,76 €</span>\n        <span class=\"hidden\" id=\"price_leap_1230178\">20,76 €</span></p></div>\n\n<div class=\"inline premium:hidden text-xs text-darkgray\">300 ml (7,69 € / 100 ml)</div>\n<div class=\"hidden premium:inline text-xs text-darkgray\">300 ml (6,92 € / 100 ml)</div></div>\n\n        </div></a></div><div class=\"w-[calc(50%-1rem)] md:w-[calc(25%-0.99rem)] mx-2.5\"><a href=\"/Nuxe/Soins-des-cheveux/Hair-Prodigieux/Masque-capillaire-reparateur-intensif/index_137136.aspx?variation=221988\" data-behaviour=\"product-variation-view\" id=\"product_3_1\" data-initialized=\"true\"><div class=\"flex flex-col gap-2\"><div><div class=\"flex flex-col gap-1 mb-2\"><div class=\"flex gap-1 h-6\"><span class=\"bg-lightgray px-2 py-1 uppercase rounded-sm text-xs font-bold\">NOUVEAU</span><div class=\"px-1 ml-auto\" data-button=\"toggle-wishlist\"><img class=\"h-4 my-1\" src=\"/images/wishlist.svg\"></div></div><div class=\"flex gap-1 h-6\"></div></div>\n\n            <div class=\"relative px-4 pt-8 pb-0 isolate flex items-center justify-center h-53\"><img src=\"https://cdn2.parfumdreams.de/image/product/137136-221988-0-0.webp?box=211\" srcset=\"https://cdn2.parfumdreams.de/image/product/137136-221988-0-0.webp?box=211, https://cdn2.parfumdreams.de/image/product/137136-221988-0-0.webp?box=422 2x\" class=\"object-scale-down h-full\"></div><div class=\"h-6\"></div><p class=\"font-bold\">Nuxe</p>\n<p>Soins des cheveux</p>\n<p>Hair Prodigieux</p>\n<p class=\"article-description text-xs text-gray-500\">Masque capillaire réparateur intensif</p><p class=\"article-description text-xs text-gray-500\"><span class=\"invisible-text\">Masque capillaire réparateur intensif</span></p><div class=\"my-3\"><div class=\"relative w-[3.75rem] aspect-[30/7]\"><img src=\"/images/ratingstars.svg\" class=\"w-full\">\n    <div class=\"absolute right-0 top-0 h-full opacity-75 bg-white\" style=\"width: 100%\"></div></div></div>\n\n<div><p class=\"font-bold text-lg \"><span><span class=\"inline premium:hidden whitespace-pre\" id=\"price_retail_1227018\">39,75 €</span></span>\n        <span class=\"hidden premium:inline text-premium-bright whitespace-pre\" id=\"price_premium_1227018\">35,78 €</span>\n        <span class=\"hidden\" id=\"price_leap_1227018\">35,78 €</span></p></div>\n\n<div class=\"inline premium:hidden text-xs text-darkgray\">200 ml (19,88 € / 100 ml)</div>\n<div class=\"hidden premium:inline text-xs text-darkgray\">200 ml (17,89 € / 100 ml)</div></div>\n\n        </div></a></div><div class=\"w-[calc(50%-1rem)] md:w-[calc(25%-0.99rem)] mx-2.5\"><a href=\"/Molton-Brown/Collection/Cypres-Cotier-Criste-Marine/Shampoo/index_137791.aspx?variation=223234\" data-behaviour=\"product-variation-view\" id=\"product_3_2\" data-initialized=\"true\"><div class=\"flex flex-col gap-2\"><div><div class=\"flex flex-col gap-1 mb-2\"><div class=\"flex gap-1 h-6\"><span class=\"bg-lightgray px-2 py-1 uppercase rounded-sm text-xs font-bold\">NOUVEAU</span><div class=\"px-1 ml-auto\" data-button=\"toggle-wishlist\"><img class=\"h-4 my-1\" src=\"/images/wishlist.svg\"></div></div><div class=\"flex gap-1 h-6\"></div></div>\n\n            <div class=\"relative px-4 pt-8 pb-0 isolate flex items-center justify-center h-53\"><img src=\"https://cdn2.parfumdreams.de/image/product/137791-223234-0-0.webp?box=211\" srcset=\"https://cdn2.parfumdreams.de/image/product/137791-223234-0-0.webp?box=211, https://cdn2.parfumdreams.de/image/product/137791-223234-0-0.webp?box=422 2x\" class=\"object-scale-down h-full\"></div><div class=\"h-6\"></div><p class=\"font-bold\">Molton Brown</p>\n<p>Collection</p>\n<p>Cyprès Côtier &amp; Criste Marine</p>\n<p class=\"article-description text-xs text-gray-500\">Shampoo</p><p class=\"article-description text-xs text-gray-500\"><span class=\"invisible-text\">Shampoo</span></p><div class=\"my-3\"><div class=\"relative w-[3.75rem] aspect-[30/7]\"><img src=\"/images/ratingstars.svg\" class=\"w-full\">\n    <div class=\"absolute right-0 top-0 h-full opacity-75 bg-white\" style=\"width: 100%\"></div></div></div>\n\n<div><p class=\"font-bold text-lg \"><span><span class=\"inline premium:hidden whitespace-pre\" id=\"price_retail_1230177\">23,07 €</span></span>\n        <span class=\"hidden premium:inline text-premium-bright whitespace-pre\" id=\"price_premium_1230177\">20,76 €</span>\n        <span class=\"hidden\" id=\"price_leap_1230177\">20,76 €</span></p></div>\n\n<div class=\"inline premium:hidden text-xs text-darkgray\">300 ml (7,69 € / 100 ml)</div>\n<div class=\"hidden premium:inline text-xs text-darkgray\">300 ml (6,92 € / 100 ml)</div></div>\n\n        </div></a></div></div><div data-behaviour=\"flickity-navigation\" class=\"h-6 my-8 flex justify-center items-center\" data-initialized=\"true\"></div></details></div><div class=\"box clearfix  pure-html \"><div class=\"clear-both\"></div></div><div id=\"criteo-video-container\" class=\"hidden mb-3\"></div><div class=\"box clearfix   \"><div id=\"criteo-ads-highlight-box\" style=\"display:none\"></div></div><div class=\"box clearfix  pure-html \"><div class=\"clear-both\"></div></div><h2 class=\"text-center text-2xl mb-6\">Nos best-sellers</h2><div data-behaviour=\"tabs\" class=\"mb-3\" data-initialized=\"true\"><div class=\"flex flex-wrap justify-center gap-2 mb-8 mt-8\"><div class=\"text-xl\"></div></div><details data-tab=\"0\" open=\"\" class=\"hidden open:block\"><summary class=\"hidden\"></summary><div id=\"product_0\" class=\"w-full flex after:hidden after:content-['flickity'] flickity-enabled is-draggable\" data-flickity=\"{&quot;prevNextButtons&quot;: false, &quot;pageDots&quot;: false, &quot;wrapAround&quot;: true, &quot;cellAlign&quot;: &quot;left&quot;, &quot;watchCSS&quot;: true}\" tabindex=\"0\"><div class=\"flickity-viewport\" style=\"height: 490px;\"><div class=\"flickity-slider\" style=\"transform: translateX(-0.95%);\"><div class=\"w-[calc(50%-1rem)] md:w-[calc(25%-0.99rem)] mx-2.5 flickity-cell is-selected\" style=\"transform: translateX(0%);\"><a href=\"/Sol-de-Janeiro/Parfums-pour-femmes/Cheirosa-62/Brazilian-Bum-Bum-Cream/index_83631.aspx?variation=175353\" data-behaviour=\"product-variation-view\" id=\"product_0_0\" data-initialized=\"true\"><div class=\"flex flex-col gap-2\"><div><div class=\"flex flex-col gap-1 mb-2\"><div class=\"flex gap-1 h-6\"><div class=\"px-1 ml-auto\" data-button=\"toggle-wishlist\"><img class=\"h-4 my-1\" src=\"/images/wishlist.svg\"></div></div><div class=\"flex gap-1 h-6\"></div></div>\n\n            <div class=\"relative px-4 pt-8 pb-0 isolate flex items-center justify-center h-53\"><img src=\"https://cdn2.parfumdreams.de/image/product/83631-175353-0-0.webp?box=211\" srcset=\"https://cdn2.parfumdreams.de/image/product/83631-175353-0-0.webp?box=211, https://cdn2.parfumdreams.de/image/product/83631-175353-0-0.webp?box=422 2x\" class=\"object-scale-down h-full\"></div><div class=\"h-6\"></div><p class=\"font-bold\">Sol de Janeiro</p>\n<p>Parfums pour femmes</p>\n<p>Cheirosa 62</p>\n<p class=\"article-description text-xs text-gray-500\">Brazilian Bum Bum Cream</p><p class=\"article-description text-xs text-gray-500\"><span class=\"invisible-text\">Brazilian Bum Bum Cream</span></p><div class=\"my-3\"><div class=\"relative w-[3.75rem] aspect-[30/7]\"><img src=\"/images/ratingstars.svg\" class=\"w-full\">\n    <div class=\"absolute right-0 top-0 h-full opacity-75 bg-white\" style=\"width: 10%\"></div></div></div>\n\n<div><p class=\"font-bold text-lg \"><span><span class=\"inline premium:hidden whitespace-pre\" id=\"price_retail_367826\">20,95 €</span></span>\n        <span class=\"hidden premium:inline text-premium-bright whitespace-pre\" id=\"price_premium_367826\">18,86 €</span>\n        <span class=\"hidden\" id=\"price_leap_367826\">18,86 €</span></p></div>\n\n<div class=\"inline premium:hidden text-xs text-darkgray\">75 ml (27,93 € / 100 ml)</div>\n<div class=\"hidden premium:inline text-xs text-darkgray\">75 ml (25,14 € / 100 ml)</div></div>\n\n        </div></a></div><div class=\"w-[calc(50%-1rem)] md:w-[calc(25%-0.99rem)] mx-2.5 flickity-cell\" aria-hidden=\"true\" style=\"transform: translateX(108.05%);\"><a href=\"/Biotherm/Soins-du-corps/Lait-Corporel/Lait-Corporel-Anti-Dessechant/index_10908.aspx?variation=1064\" data-behaviour=\"product-variation-view\" id=\"product_0_1\" data-initialized=\"true\"><div class=\"flex flex-col gap-2\"><div><div class=\"flex flex-col gap-1 mb-2\"><div class=\"flex gap-1 h-6\"><div class=\"px-1 ml-auto\" data-button=\"toggle-wishlist\"><img class=\"h-4 my-1\" src=\"/images/wishlist.svg\"></div></div><div class=\"flex gap-1 h-6\"></div></div>\n\n            <div class=\"relative px-4 pt-8 pb-0 isolate flex items-center justify-center h-53\"><img src=\"https://cdn2.parfumdreams.de/image/product/10908-1064-0-0.webp?box=211\" srcset=\"https://cdn2.parfumdreams.de/image/product/10908-1064-0-0.webp?box=211, https://cdn2.parfumdreams.de/image/product/10908-1064-0-0.webp?box=422 2x\" class=\"object-scale-down h-full\"></div><div class=\"h-6\"></div><p class=\"font-bold\">Biotherm</p>\n<p>Soins du corps</p>\n<p>Lait Corporel</p>\n<p class=\"article-description text-xs text-gray-500\">Lait Corporel Anti-Desséchant</p><p class=\"article-description text-xs text-gray-500\"><span class=\"invisible-text\">Lait Corporel Anti-Desséchant</span></p><div class=\"my-3\"><div class=\"relative w-[3.75rem] aspect-[30/7]\"><img src=\"/images/ratingstars.svg\" class=\"w-full\">\n    <div class=\"absolute right-0 top-0 h-full opacity-75 bg-white\" style=\"width: 0%\"></div></div></div>\n\n<div><p class=\"font-bold text-lg text-pdpink premium:text-premium-bright \"><span><span class=\"inline premium:hidden whitespace-pre\" id=\"price_retail_708800\">21,95 €</span></span>\n        <span class=\"hidden premium:inline text-premium-bright whitespace-pre\" id=\"price_premium_708800\">19,76 €</span>\n        <span class=\"hidden\" id=\"price_leap_708800\">19,76 €</span></p></div>\n\n<div class=\"inline premium:hidden text-xs text-darkgray\">400 ml (5,49 € / 100 ml)</div>\n<div class=\"hidden premium:inline text-xs text-darkgray\">400 ml (4,94 € / 100 ml)</div></div>\n\n        </div></a></div><div class=\"w-[calc(50%-1rem)] md:w-[calc(25%-0.99rem)] mx-2.5 flickity-cell\" aria-hidden=\"true\" style=\"transform: translateX(216.1%);\"><a href=\"/Jo-Malone-London/Collections/Blackberry-Bay/Cologne/index_134468.aspx?variation=216899\" data-behaviour=\"product-variation-view\" id=\"product_0_2\" data-initialized=\"true\"><div class=\"flex flex-col gap-2\"><div><div class=\"flex flex-col gap-1 mb-2\"><div class=\"flex gap-1 h-6\"><div class=\"px-1 ml-auto\" data-button=\"toggle-wishlist\"><img class=\"h-4 my-1\" src=\"/images/wishlist.svg\"></div></div><div class=\"flex gap-1 h-6\"></div></div>\n\n            <div class=\"relative px-4 pt-8 pb-0 isolate flex items-center justify-center h-53\"><img src=\"https://cdn2.parfumdreams.de/image/product/134468-216899-0-0.webp?box=211\" srcset=\"https://cdn2.parfumdreams.de/image/product/134468-216899-0-0.webp?box=211, https://cdn2.parfumdreams.de/image/product/134468-216899-0-0.webp?box=422 2x\" class=\"object-scale-down h-full\"></div><div class=\"h-6\"></div><p class=\"font-bold\">Jo Malone London</p>\n<p>Collections</p>\n<p>Blackberry &amp; Bay</p>\n<p class=\"article-description text-xs text-gray-500\">Cologne</p><p class=\"article-description text-xs text-gray-500\"><span class=\"invisible-text\">Cologne</span></p><div class=\"my-3\"><div class=\"relative w-[3.75rem] aspect-[30/7]\"><img src=\"/images/ratingstars.svg\" class=\"w-full\">\n    <div class=\"absolute right-0 top-0 h-full opacity-75 bg-white\" style=\"width: 100%\"></div></div></div>\n\n<div><p class=\"font-bold text-lg \"><span><span class=\"inline premium:hidden whitespace-pre\" id=\"price_retail_430163\">153,12 €</span></span>\n        <span class=\"hidden premium:inline text-premium-bright whitespace-pre\" id=\"price_premium_430163\">137,81 €</span>\n        <span class=\"hidden\" id=\"price_leap_430163\">137,81 €</span></p></div>\n\n<div class=\"inline premium:hidden text-xs text-darkgray\">100 ml (153,12 € / 100 ml)</div>\n<div class=\"hidden premium:inline text-xs text-darkgray\">100 ml (137,81 € / 100 ml)</div></div>\n\n        </div></a></div><div class=\"w-[calc(50%-1rem)] md:w-[calc(25%-0.99rem)] mx-2.5 flickity-cell\" aria-hidden=\"true\" style=\"transform: translateX(324.15%);\"><a href=\"/Yves-Saint-Laurent/Parfums-pour-femmes/Black-Opium/Eau-de-Parfum-Spray/index_47343.aspx?variation=67219\" data-behaviour=\"product-variation-view\" id=\"product_0_3\" data-initialized=\"true\"><div class=\"flex flex-col gap-2\"><div><div class=\"flex flex-col gap-1 mb-2\"><div class=\"flex gap-1 h-6\"><div class=\"px-1 ml-auto\" data-button=\"toggle-wishlist\"><img class=\"h-4 my-1\" src=\"/images/wishlist.svg\"></div></div><div class=\"flex gap-1 h-6\"></div></div>\n\n            <div class=\"relative px-4 pt-8 pb-0 isolate flex items-center justify-center h-53\"><img src=\"https://cdn2.parfumdreams.de/image/product/47343-67219-0-41.webp?box=211\" srcset=\"https://cdn2.parfumdreams.de/image/product/47343-67219-0-41.webp?box=211, https://cdn2.parfumdreams.de/image/product/47343-67219-0-41.webp?box=422 2x\" class=\"object-scale-down h-full\"></div><div class=\"h-6\"></div><p class=\"font-bold\">Yves Saint Laurent</p>\n<p>Parfums pour femmes</p>\n<p>Black Opium</p>\n<p class=\"article-description text-xs text-gray-500\">Eau de Parfum Spray</p><p class=\"article-description text-xs text-gray-500\"><span class=\"invisible-text\">Eau de Parfum Spray</span></p><div class=\"my-3\"><div class=\"relative w-[3.75rem] aspect-[30/7]\"><img src=\"/images/ratingstars.svg\" class=\"w-full\">\n    <div class=\"absolute right-0 top-0 h-full opacity-75 bg-white\" style=\"width: 0%\"></div></div></div>\n\n<div><p class=\"font-bold text-lg text-pdpink premium:text-premium-bright \"><span><span class=\"inline premium:hidden whitespace-pre\" id=\"price_retail_818762\">54,60 €</span></span>\n        <span class=\"hidden premium:inline text-premium-bright whitespace-pre\" id=\"price_premium_818762\">49,14 €</span>\n        <span class=\"hidden\" id=\"price_leap_818762\">49,14 €</span></p></div>\n\n<div class=\"inline premium:hidden text-xs text-darkgray\">30 ml (182,00 € / 100 ml)</div>\n<div class=\"hidden premium:inline text-xs text-darkgray\">30 ml (163,80 € / 100 ml)</div></div>\n\n        </div></a></div><div class=\"w-[calc(50%-1rem)] md:w-[calc(25%-0.99rem)] mx-2.5 flickity-cell\" aria-hidden=\"true\" style=\"transform: translateX(432.21%);\"><a href=\"/Prada/Parfums-pour-femmes/Paradoxe/Eau-de-Parfum-Vaporisateur-rechargeable/index_115115.aspx?variation=181641\" data-behaviour=\"product-variation-view\" id=\"product_0_4\" data-initialized=\"true\"><div class=\"flex flex-col gap-2\"><div><div class=\"flex flex-col gap-1 mb-2\"><div class=\"flex gap-1 h-6\"><div class=\"px-1 ml-auto\" data-button=\"toggle-wishlist\"><img class=\"h-4 my-1\" src=\"/images/wishlist.svg\"></div></div><div class=\"flex gap-1 h-6\"></div></div>\n\n            <div class=\"relative px-4 pt-8 pb-0 isolate flex items-center justify-center h-53\"><img src=\"https://cdn2.parfumdreams.de/image/product/115115-181641-1-19.webp?box=211\" srcset=\"https://cdn2.parfumdreams.de/image/product/115115-181641-1-19.webp?box=211, https://cdn2.parfumdreams.de/image/product/115115-181641-1-19.webp?box=422 2x\" class=\"object-scale-down h-full\"></div><div class=\"h-6\"></div><p class=\"font-bold\">Prada</p>\n<p>Parfums pour femmes</p>\n<p>Paradoxe</p>\n<p class=\"article-description text-xs text-gray-500\">Eau de Parfum Vaporisateur - rechargeable</p><p class=\"article-description text-xs text-gray-500\"><span class=\"invisible-text\">Eau de Parfum Vaporisateur - rechargeable</span></p><div class=\"my-3\"><div class=\"relative w-[3.75rem] aspect-[30/7]\"><img src=\"/images/ratingstars.svg\" class=\"w-full\">\n    <div class=\"absolute right-0 top-0 h-full opacity-75 bg-white\" style=\"width: 0%\"></div></div></div>\n\n<div><p class=\"font-bold text-lg \"><span><span class=\"inline premium:hidden whitespace-pre\" id=\"price_retail_1027979\">85,18 €</span></span>\n        <span class=\"hidden premium:inline text-premium-bright whitespace-pre\" id=\"price_premium_1027979\">76,66 €</span>\n        <span class=\"hidden\" id=\"price_leap_1027979\">76,66 €</span></p></div>\n\n<div class=\"inline premium:hidden text-xs text-darkgray\">50 ml (170,36 € / 100 ml)</div>\n<div class=\"hidden premium:inline text-xs text-darkgray\">50 ml (153,32 € / 100 ml)</div></div>\n\n        </div></a></div><div class=\"w-[calc(50%-1rem)] md:w-[calc(25%-0.99rem)] mx-2.5 flickity-cell\" aria-hidden=\"true\" style=\"transform: translateX(540.26%);\"><a href=\"/Lancome/Parfums-pour-femmes/La-vie-est-belle/Eau-de-Parfum-Vaporisateur-rechargeable/index_38746.aspx?variation=50933\" data-behaviour=\"product-variation-view\" id=\"product_0_5\" data-initialized=\"true\"><div class=\"flex flex-col gap-2\"><div><div class=\"flex flex-col gap-1 mb-2\"><div class=\"flex gap-1 h-6\"><div class=\"px-1 ml-auto\" data-button=\"toggle-wishlist\"><img class=\"h-4 my-1\" src=\"/images/wishlist.svg\"></div></div><div class=\"flex gap-1 h-6\"></div></div>\n\n            <div class=\"relative px-4 pt-8 pb-0 isolate flex items-center justify-center h-53\"><img src=\"https://cdn2.parfumdreams.de/image/product/38746-50933-0-60.webp?box=211\" srcset=\"https://cdn2.parfumdreams.de/image/product/38746-50933-0-60.webp?box=211, https://cdn2.parfumdreams.de/image/product/38746-50933-0-60.webp?box=422 2x\" class=\"object-scale-down h-full\"></div><div class=\"h-6\"></div><p class=\"font-bold\">Lancôme</p>\n<p>Parfums pour femmes</p>\n<p>La vie est belle</p>\n<p class=\"article-description text-xs text-gray-500\">Eau de Parfum Vaporisateur rechargeable</p><p class=\"article-description text-xs text-gray-500\"><span class=\"invisible-text\">Eau de Parfum Vaporisateur rechargeable</span></p><div class=\"my-3\"><div class=\"relative w-[3.75rem] aspect-[30/7]\"><img src=\"/images/ratingstars.svg\" class=\"w-full\">\n    <div class=\"absolute right-0 top-0 h-full opacity-75 bg-white\" style=\"width: 0%\"></div></div></div>\n\n<div><p class=\"font-bold text-lg text-pdpink premium:text-premium-bright \"><span><span class=\"inline premium:hidden whitespace-pre\" id=\"price_retail_695162\">43,21 €</span></span>\n        <span class=\"hidden premium:inline text-premium-bright whitespace-pre\" id=\"price_premium_695162\">38,89 €</span>\n        <span class=\"hidden\" id=\"price_leap_695162\">38,89 €</span></p></div>\n\n<div class=\"inline premium:hidden text-xs text-darkgray\">30 ml (144,03 € / 100 ml)</div>\n<div class=\"hidden premium:inline text-xs text-darkgray\">30 ml (129,63 € / 100 ml)</div></div>\n\n        </div></a></div><div class=\"w-[calc(50%-1rem)] md:w-[calc(25%-0.99rem)] mx-2.5 flickity-cell\" aria-hidden=\"true\" style=\"transform: translateX(648.31%);\"><a href=\"/Jean-Paul-Gaultier/Parfums-pour-hommes/Le-Male/Eau-de-Toilette-Spray/index_17304.aspx?variation=11948\" data-behaviour=\"product-variation-view\" id=\"product_0_6\" data-initialized=\"true\"><div class=\"flex flex-col gap-2\"><div><div class=\"flex flex-col gap-1 mb-2\"><div class=\"flex gap-1 h-6\"><div class=\"px-1 ml-auto\" data-button=\"toggle-wishlist\"><img class=\"h-4 my-1\" src=\"/images/wishlist.svg\"></div></div><div class=\"flex gap-1 h-6\"></div></div>\n\n            <div class=\"relative px-4 pt-8 pb-0 isolate flex items-center justify-center h-53\"><img src=\"https://cdn2.parfumdreams.de/image/product/17304-11948-1-32.webp?box=211\" srcset=\"https://cdn2.parfumdreams.de/image/product/17304-11948-1-32.webp?box=211, https://cdn2.parfumdreams.de/image/product/17304-11948-1-32.webp?box=422 2x\" class=\"object-scale-down h-full\"></div><div class=\"h-6\"></div><p class=\"font-bold\">Jean Paul Gaultier</p>\n<p>Parfums pour hommes</p>\n<p>Le Male</p>\n<p class=\"article-description text-xs text-gray-500\">Eau de Toilette Spray</p><p class=\"article-description text-xs text-gray-500\"><span class=\"invisible-text\">Eau de Toilette Spray</span></p><div class=\"my-3\"><div class=\"relative w-[3.75rem] aspect-[30/7]\"><img src=\"/images/ratingstars.svg\" class=\"w-full\">\n    <div class=\"absolute right-0 top-0 h-full opacity-75 bg-white\" style=\"width: 0%\"></div></div></div>\n\n<div><p class=\"font-bold text-lg text-pdpink premium:text-premium-bright \"><span><span class=\"inline premium:hidden whitespace-pre\" id=\"price_retail_971482\">74,95 €</span></span>\n        <span class=\"hidden premium:inline text-premium-bright whitespace-pre\" id=\"price_premium_971482\">67,46 €</span>\n        <span class=\"hidden\" id=\"price_leap_971482\">67,46 €</span></p></div>\n\n<div class=\"inline premium:hidden text-xs text-darkgray\">125 ml (59,96 € / 100 ml)</div>\n<div class=\"hidden premium:inline text-xs text-darkgray\">125 ml (53,96 € / 100 ml)</div></div>\n\n        </div></a></div><div class=\"w-[calc(50%-1rem)] md:w-[calc(25%-0.99rem)] mx-2.5 flickity-cell\" aria-hidden=\"true\" style=\"transform: translateX(756.36%);\"><a href=\"/Yves-Saint-Laurent/Parfums-pour-femmes/Libre/Eau-de-Parfum-Spray/index_86932.aspx?variation=133971\" data-behaviour=\"product-variation-view\" id=\"product_0_7\" data-initialized=\"true\"><div class=\"flex flex-col gap-2\"><div><div class=\"flex flex-col gap-1 mb-2\"><div class=\"flex gap-1 h-6\"><div class=\"px-1 ml-auto\" data-button=\"toggle-wishlist\"><img class=\"h-4 my-1\" src=\"/images/wishlist.svg\"></div></div><div class=\"flex gap-1 h-6\"></div></div>\n\n            <div class=\"relative px-4 pt-8 pb-0 isolate flex items-center justify-center h-53\"><img src=\"https://cdn2.parfumdreams.de/image/product/86932-133971-0-107.webp?box=211\" srcset=\"https://cdn2.parfumdreams.de/image/product/86932-133971-0-107.webp?box=211, https://cdn2.parfumdreams.de/image/product/86932-133971-0-107.webp?box=422 2x\" class=\"object-scale-down h-full\"></div><div class=\"h-6\"></div><p class=\"font-bold\">Yves Saint Laurent</p>\n<p>Parfums pour femmes</p>\n<p>Libre</p>\n<p class=\"article-description text-xs text-gray-500\">Eau de Parfum Spray</p><p class=\"article-description text-xs text-gray-500\"><span class=\"invisible-text\">Eau de Parfum Spray</span></p><div class=\"my-3\"><div class=\"relative w-[3.75rem] aspect-[30/7]\"><img src=\"/images/ratingstars.svg\" class=\"w-full\">\n    <div class=\"absolute right-0 top-0 h-full opacity-75 bg-white\" style=\"width: 0%\"></div></div></div>\n\n<div><p class=\"font-bold text-lg text-pdpink premium:text-premium-bright \"><span><span class=\"inline premium:hidden whitespace-pre\" id=\"price_retail_289686\">53,05 €</span></span>\n        <span class=\"hidden premium:inline text-premium-bright whitespace-pre\" id=\"price_premium_289686\">47,75 €</span>\n        <span class=\"hidden\" id=\"price_leap_289686\">47,75 €</span></p></div>\n\n<div class=\"inline premium:hidden text-xs text-darkgray\">30 ml (176,83 € / 100 ml)</div>\n<div class=\"hidden premium:inline text-xs text-darkgray\">30 ml (159,15 € / 100 ml)</div></div>\n\n        </div></a></div><div class=\"w-[calc(50%-1rem)] md:w-[calc(25%-0.99rem)] mx-2.5 flickity-cell\" aria-hidden=\"true\" style=\"transform: translateX(864.41%);\"><a href=\"/MUGLER/Parfums-pour-femmes/Alien/Eau-de-Parfum-Spray-Refillable/index_92227.aspx?variation=150631\" data-behaviour=\"product-variation-view\" id=\"product_0_8\" data-initialized=\"true\"><div class=\"flex flex-col gap-2\"><div><div class=\"flex flex-col gap-1 mb-2\"><div class=\"flex gap-1 h-6\"><div class=\"px-1 ml-auto\" data-button=\"toggle-wishlist\"><img class=\"h-4 my-1\" src=\"/images/wishlist.svg\"></div></div><div class=\"flex gap-1 h-6\"></div></div>\n\n            <div class=\"relative px-4 pt-8 pb-0 isolate flex items-center justify-center h-53\"><img src=\"https://cdn2.parfumdreams.de/image/product/92227-150631-0-211.webp?box=211\" srcset=\"https://cdn2.parfumdreams.de/image/product/92227-150631-0-211.webp?box=211, https://cdn2.parfumdreams.de/image/product/92227-150631-0-211.webp?box=422 2x\" class=\"object-scale-down h-full\"></div><div class=\"h-6\"></div><p class=\"font-bold\">MUGLER</p>\n<p>Parfums pour femmes</p>\n<p>Alien</p>\n<p class=\"article-description text-xs text-gray-500\">Eau de Parfum Spray Refillable</p><p class=\"article-description text-xs text-gray-500\"><span class=\"invisible-text\">Eau de Parfum Spray Refillable</span></p><div class=\"my-3\"><div class=\"relative w-[3.75rem] aspect-[30/7]\"><img src=\"/images/ratingstars.svg\" class=\"w-full\">\n    <div class=\"absolute right-0 top-0 h-full opacity-75 bg-white\" style=\"width: 0%\"></div></div></div>\n\n<div><p class=\"font-bold text-lg \"><span><span class=\"inline premium:hidden whitespace-pre\" id=\"price_retail_796849\">52,21 €</span></span>\n        <span class=\"hidden premium:inline text-premium-bright whitespace-pre\" id=\"price_premium_796849\">46,99 €</span>\n        <span class=\"hidden\" id=\"price_leap_796849\">46,99 €</span></p></div>\n\n<div class=\"inline premium:hidden text-xs text-darkgray\">30 ml (174,03 € / 100 ml)</div>\n<div class=\"hidden premium:inline text-xs text-darkgray\">30 ml (156,63 € / 100 ml)</div></div>\n\n        </div></a></div><div class=\"w-[calc(50%-1rem)] md:w-[calc(25%-0.99rem)] mx-2.5 flickity-cell\" aria-hidden=\"true\" style=\"transform: translateX(972.46%);\"><a href=\"/Viktor-Rolf/Parfums-pour-hommes/Spicebomb/Eau-de-Parfum-Spray/index_51397.aspx?variation=74256\" data-behaviour=\"product-variation-view\" id=\"product_0_9\" data-initialized=\"true\"><div class=\"flex flex-col gap-2\"><div><div class=\"flex flex-col gap-1 mb-2\"><div class=\"flex gap-1 h-6\"><div class=\"px-1 ml-auto\" data-button=\"toggle-wishlist\"><img class=\"h-4 my-1\" src=\"/images/wishlist.svg\"></div></div><div class=\"flex gap-1 h-6\"></div></div>\n\n            <div class=\"relative px-4 pt-8 pb-0 isolate flex items-center justify-center h-53\"><img src=\"https://cdn2.parfumdreams.de/image/product/51397-0-0-16.webp?box=211\" srcset=\"https://cdn2.parfumdreams.de/image/product/51397-0-0-16.webp?box=211, https://cdn2.parfumdreams.de/image/product/51397-0-0-16.webp?box=422 2x\" class=\"object-scale-down h-full\"></div><div class=\"h-6\"></div><p class=\"font-bold\">Viktor &amp; Rolf</p>\n<p>Parfums pour hommes</p>\n<p>Spicebomb</p>\n<p class=\"article-description text-xs text-gray-500\">Eau de Parfum Spray</p><p class=\"article-description text-xs text-gray-500\">Extrême</p><div class=\"my-3\"><div class=\"relative w-[3.75rem] aspect-[30/7]\"><img src=\"/images/ratingstars.svg\" class=\"w-full\">\n    <div class=\"absolute right-0 top-0 h-full opacity-75 bg-white\" style=\"width: 10%\"></div></div></div>\n\n<div><p class=\"font-bold text-lg text-pdpink premium:text-premium-bright \"><span><span class=\"inline premium:hidden whitespace-pre\" id=\"price_retail_847317\">67,27 €</span></span>\n        <span class=\"hidden premium:inline text-premium-bright whitespace-pre\" id=\"price_premium_847317\">60,54 €</span>\n        <span class=\"hidden\" id=\"price_leap_847317\">60,54 €</span></p></div>\n\n<div class=\"inline premium:hidden text-xs text-darkgray\">90 ml (74,74 € / 100 ml)</div>\n<div class=\"hidden premium:inline text-xs text-darkgray\">90 ml (67,27 € / 100 ml)</div></div>\n\n        </div></a></div><div class=\"w-[calc(50%-1rem)] md:w-[calc(25%-0.99rem)] mx-2.5 flickity-cell\" aria-hidden=\"true\" style=\"transform: translateX(1080.51%);\"><a href=\"/Sol-de-Janeiro/Parfums-pour-femmes/Cheirosa-62/Brume-de-parfum/index_102357.aspx?variation=174903\" data-behaviour=\"product-variation-view\" id=\"product_0_10\" data-initialized=\"true\"><div class=\"flex flex-col gap-2\"><div><div class=\"flex flex-col gap-1 mb-2\"><div class=\"flex gap-1 h-6\"><div class=\"px-1 ml-auto\" data-button=\"toggle-wishlist\"><img class=\"h-4 my-1\" src=\"/images/wishlist.svg\"></div></div><div class=\"flex gap-1 h-6\"></div></div>\n\n            <div class=\"relative px-4 pt-8 pb-0 isolate flex items-center justify-center h-53\"><img src=\"https://cdn2.parfumdreams.de/image/product/102357-174903-0-0.webp?box=211\" srcset=\"https://cdn2.parfumdreams.de/image/product/102357-174903-0-0.webp?box=211, https://cdn2.parfumdreams.de/image/product/102357-174903-0-0.webp?box=422 2x\" class=\"object-scale-down h-full\"></div><div class=\"h-6\"></div><p class=\"font-bold\">Sol de Janeiro</p>\n<p>Parfums pour femmes</p>\n<p>Cheirosa 62</p>\n<p class=\"article-description text-xs text-gray-500\">Brume de parfum</p><p class=\"article-description text-xs text-gray-500\"><span class=\"invisible-text\">Brume de parfum</span></p><div class=\"my-3\"><div class=\"relative w-[3.75rem] aspect-[30/7]\"><img src=\"/images/ratingstars.svg\" class=\"w-full\">\n    <div class=\"absolute right-0 top-0 h-full opacity-75 bg-white\" style=\"width: 10%\"></div></div></div>\n\n<div><p class=\"font-bold text-lg \"><span><span class=\"inline premium:hidden whitespace-pre\" id=\"price_retail_1000703\">23,95 €</span></span>\n        <span class=\"hidden premium:inline text-premium-bright whitespace-pre\" id=\"price_premium_1000703\">21,56 €</span>\n        <span class=\"hidden\" id=\"price_leap_1000703\">21,56 €</span></p></div>\n\n<div class=\"inline premium:hidden text-xs text-darkgray\">90 ml (26,61 € / 100 ml)</div>\n<div class=\"hidden premium:inline text-xs text-darkgray\">90 ml (23,95 € / 100 ml)</div></div>\n\n        </div></a></div><div class=\"w-[calc(50%-1rem)] md:w-[calc(25%-0.99rem)] mx-2.5 flickity-cell\" aria-hidden=\"true\" style=\"transform: translateX(1188.56%);\"><a href=\"/Valentino/Parfums-pour-femmes/Donna-Born-In-Roma/Eau-de-Parfum-Spray/index_92044.aspx?variation=142102\" data-behaviour=\"product-variation-view\" id=\"product_0_11\" data-initialized=\"true\"><div class=\"flex flex-col gap-2\"><div><div class=\"flex flex-col gap-1 mb-2\"><div class=\"flex gap-1 h-6\"><div class=\"px-1 ml-auto\" data-button=\"toggle-wishlist\"><img class=\"h-4 my-1\" src=\"/images/wishlist.svg\"></div></div><div class=\"flex gap-1 h-6\"></div></div>\n\n            <div class=\"relative px-4 pt-8 pb-0 isolate flex items-center justify-center h-53\"><img src=\"https://cdn2.parfumdreams.de/image/product/92044-142102-0-43.webp?box=211\" srcset=\"https://cdn2.parfumdreams.de/image/product/92044-142102-0-43.webp?box=211, https://cdn2.parfumdreams.de/image/product/92044-142102-0-43.webp?box=422 2x\" class=\"object-scale-down h-full\"></div><div class=\"h-6\"></div><p class=\"font-bold\">Valentino</p>\n<p>Parfums pour femmes</p>\n<p>Donna Born In Roma</p>\n<p class=\"article-description text-xs text-gray-500\">Eau de Parfum Spray</p><p class=\"article-description text-xs text-gray-500\"><span class=\"invisible-text\">Eau de Parfum Spray</span></p><div class=\"my-3\"><div class=\"relative w-[3.75rem] aspect-[30/7]\"><img src=\"/images/ratingstars.svg\" class=\"w-full\">\n    <div class=\"absolute right-0 top-0 h-full opacity-75 bg-white\" style=\"width: 10%\"></div></div></div>\n\n<div><p class=\"font-bold text-lg \"><span><span class=\"inline premium:hidden whitespace-pre\" id=\"price_retail_293494\">57,28 €</span></span>\n        <span class=\"hidden premium:inline text-premium-bright whitespace-pre\" id=\"price_premium_293494\">51,55 €</span>\n        <span class=\"hidden\" id=\"price_leap_293494\">51,55 €</span></p></div>\n\n<div class=\"inline premium:hidden text-xs text-darkgray\">30 ml (190,93 € / 100 ml)</div>\n<div class=\"hidden premium:inline text-xs text-darkgray\">30 ml (171,84 € / 100 ml)</div></div>\n\n        </div></a></div></div></div></div><div data-behaviour=\"flickity-navigation\" class=\"h-6 my-8 flex justify-center items-center\" data-initialized=\"true\"><button type=\"button\" class=\"mr-4 disabled:opacity-50 hidden lg:flex\"><img class=\"w-6 h-6 rotate-180\" src=\"/assets/ArrowRight-421a3e0d.svg\"></button><button type=\"button\" class=\"p-1 \"><div class=\"rounded-full border-[1.5px]  size-2 bg-black border-black\"></div></button><button type=\"button\" class=\"p-1 \"><div class=\"rounded-full border-[1.5px]  size-2 bg-mediumgray border-mediumgray\"></div></button><button type=\"button\" class=\"p-1 \"><div class=\"rounded-full border-[1.5px]  size-2 bg-mediumgray border-mediumgray\"></div></button><button type=\"button\" class=\"p-1 \"><div class=\"rounded-full border-[1.5px]  size-1.5 bg-mediumgray border-mediumgray\"></div></button><button type=\"button\" class=\"p-1 \"><div class=\"rounded-full border-[1.5px]  size-1 bg-mediumgray border-mediumgray\"></div></button><button type=\"button\" class=\"p-1 hidden\"><div class=\"rounded-full border-[1.5px]  size-2 bg-mediumgray border-mediumgray\"></div></button><button type=\"button\" class=\"p-1 hidden\"><div class=\"rounded-full border-[1.5px]  size-2 bg-mediumgray border-mediumgray\"></div></button><button type=\"button\" class=\"p-1 hidden\"><div class=\"rounded-full border-[1.5px]  size-2 bg-mediumgray border-mediumgray\"></div></button><button type=\"button\" class=\"p-1 hidden\"><div class=\"rounded-full border-[1.5px]  size-2 bg-mediumgray border-mediumgray\"></div></button><button type=\"button\" class=\"p-1 hidden\"><div class=\"rounded-full border-[1.5px]  size-2 bg-mediumgray border-mediumgray\"></div></button><button type=\"button\" class=\"p-1 hidden\"><div class=\"rounded-full border-[1.5px]  size-2 bg-mediumgray border-mediumgray\"></div></button><button type=\"button\" class=\"p-1 hidden\"><div class=\"rounded-full border-[1.5px]  size-2 bg-mediumgray border-mediumgray\"></div></button><button type=\"button\" class=\"ml-4 disabled:opacity-50 hidden lg:flex\"><img class=\"w-6 h-6\" src=\"/assets/ArrowRight-421a3e0d.svg\"></button></div></details></div><div class=\"box clearfix   \"><div id=\"criteo-ads-flagship\" style=\"display:none\"></div></div><div class=\"box clearfix  pure-html \"><div class=\"clear-both\" oldclass=\"clear\"></div></div><div class=\"box clearfix  pure-html \"><div class=\"clear-both\" oldclass=\"clear\"></div></div><div class=\"grid grid-cols-1 md:grid-cols-2 gap-8\"><div class=\"inline-block\" data-behaviour=\"utag-link-event\" data-props=\"{&quot;content_id&quot;:&quot;Homepage&quot;,&quot;interaction_element&quot;:&quot;Fetes-des-meres&quot;,&quot;interaction_object&quot;:&quot;homepage.index2.banner.Fetes-des-meres&quot;,&quot;interaction_position&quot;:&quot;P0-0&quot;,&quot;interaction_type&quot;:&quot;click&quot;,&quot;interaction_component_name&quot;:null,&quot;interaction_type_parent&quot;:&quot;Index2&quot;,&quot;interaction_type_detail&quot;:&quot;Banner&quot;,&quot;interaction_page_position&quot;:&quot;P0&quot;,&quot;interaction_click&quot;:&quot;click&quot;}\" data-initialized=\"true\"><a href=\"/Fetes-des-meres\"><img src=\"https://cdn2.parfumdreams.de/image/cms/302665-0.webp\"></a></div><div class=\"inline-block\" data-behaviour=\"utag-link-event\" data-props=\"{&quot;content_id&quot;:&quot;Homepage&quot;,&quot;interaction_element&quot;:&quot;Wedding-season&quot;,&quot;interaction_object&quot;:&quot;homepage.index2.banner.Wedding-season&quot;,&quot;interaction_position&quot;:&quot;P0-1&quot;,&quot;interaction_type&quot;:&quot;click&quot;,&quot;interaction_component_name&quot;:null,&quot;interaction_type_parent&quot;:&quot;Index2&quot;,&quot;interaction_type_detail&quot;:&quot;Banner&quot;,&quot;interaction_page_position&quot;:&quot;P0&quot;,&quot;interaction_click&quot;:&quot;click&quot;}\" data-initialized=\"true\"><a href=\"/Wedding-season\"><img src=\"https://cdn2.parfumdreams.de/image/cms/302103-0.webp\"></a></div></div><script type=\"application/ld+json\">{\"@context\":\"https://schema.org\",\"@type\":\"Store\",\"url\":\"/\",\"logo\":\"/images/logo.svg\",\"name\":\"Parfumdreams\",\"aggregateRating\":{\"@type\":\"AggregateRating\",\"ratingCount\":10578,\"ratingValue\":\"4.6\"}}</script></div>\n\n                <div class=\"col-span-full\"></div>\n                </div>\n            </div>\n        </div>\n    </main>\n\n    <input id=\"isSigned\" type=\"hidden\" value=\"false\">\n    <input id=\"email\" type=\"hidden\">\n\n<script>\n        // Declare the eKomiIntegrationConfig variable with the desired value\n        var eKomiIntegrationConfig = [{ certId: 'B7KWXPA9ZKZL35V' }];\n    </script>\n\n\n    <div class=\"screen-layout\"><div class=\"main-flex hide-in-checkout\"><div id=\"our-services-block-title\" class=\"flex justify-center l my-6\"><p class=\"text-2xl\">Notre service pour vous</p></div>\n<div id=\"our-services-block\" class=\"flex justify-center lg:block\"><div class=\"pl-10 justify-between inline-block lg:grid lg:grid-cols-5 lg:text-center md:pl-0\"><div><a href=\"/frais-dexpedition\" class=\"flex lg:block justify-start items-start gap-4\"><div class=\"flex lg:hidden mb-2\"><img class=\"mx-auto\" src=\"/images/checkedCircle.png\" srcset=\"/images/checkedCircle.png, /images/checkedCircle@2x.png 2x\" alt=\"pictogram_versand\"></div>\n                    <div class=\"hidden lg:flex\"><img class=\"mx-auto\" src=\"/images/pictogram_versand.svg\" width=\"85\" height=\"98\" alt=\"pictogram_versand\"></div>\n                    <span class=\"whitespace-nowrap lg:whitespace-normal lg:block lg:text-sm xl:text-base\">Livraison gratuite à partir de 49,90 €</span></a></div><div><a href=\"/themes-de-laide/avantages-exclusifs#retour-de-180-jours\" class=\"flex lg:block justify-start items-start gap-4\"><div class=\"flex lg:hidden mb-2\"><img class=\"mx-auto\" src=\"/images/checkedCircle.png\" srcset=\"/images/checkedCircle.png, /images/checkedCircle@2x.png 2x\" alt=\"pictogram_rueckgabe\"></div>\n                    <div class=\"hidden lg:flex\"><img class=\"mx-auto\" src=\"/images/pictogram_rueckgabe.svg\" width=\"85\" height=\"98\" alt=\"pictogram_rueckgabe\"></div>\n                    <span class=\"whitespace-nowrap lg:whitespace-normal lg:block lg:text-sm xl:text-base\">Droit de retour de 180&nbsp;jours</span></a></div><div><a href=\"/themes-de-laide/acheter#promotions\" class=\"flex lg:block justify-start items-start gap-4\"><div class=\"flex lg:hidden mb-2\"><img class=\"mx-auto\" src=\"/images/checkedCircle.png\" srcset=\"/images/checkedCircle.png, /images/checkedCircle@2x.png 2x\" alt=\"pictogram_sale\"></div>\n                    <div class=\"hidden lg:flex\"><img class=\"mx-auto\" src=\"/images/pictogram_sale.svg\" width=\"85\" height=\"98\" alt=\"pictogram_sale\"></div>\n                    <span class=\"whitespace-nowrap lg:whitespace-normal lg:block lg:text-sm xl:text-base\">Produits à prix réduits permanents</span></a></div><div><a href=\"/themes-de-laide/avantages-exclusifs#echantillons\" class=\"flex lg:block justify-start items-start gap-4\"><div class=\"flex lg:hidden mb-2\"><img class=\"mx-auto\" src=\"/images/checkedCircle.png\" srcset=\"/images/checkedCircle.png, /images/checkedCircle@2x.png 2x\" alt=\"pictogram_ueberraschung\"></div>\n                    <div class=\"hidden lg:flex\"><img class=\"mx-auto\" src=\"/images/pictogram_ueberraschung.svg\" width=\"85\" height=\"98\" alt=\"pictogram_ueberraschung\"></div>\n                    <span class=\"whitespace-nowrap lg:whitespace-normal lg:block lg:text-sm xl:text-base\">Jusqu'à 2 échantillons gratuits</span></a></div><div><a href=\"/themes-de-laide/modes-de-paiement\" class=\"flex lg:block justify-start items-start gap-4\"><div class=\"flex lg:hidden mb-2\"><img class=\"mx-auto\" src=\"/images/checkedCircle.png\" srcset=\"/images/checkedCircle.png, /images/checkedCircle@2x.png 2x\" alt=\"pictogram_sicher_bezahlen\"></div>\n                    <div class=\"hidden lg:flex\"><img class=\"mx-auto\" src=\"/images/pictogram_sicher_bezahlen.svg\" width=\"85\" height=\"98\" alt=\"pictogram_sicher_bezahlen\"></div>\n                    <span class=\"whitespace-nowrap lg:whitespace-normal lg:block lg:text-sm xl:text-base\">Achats et paiements sécurisés</span></a></div></div></div><div class=\"mt-4\"><picture class=\"relative w-full h-auto\"><source media=\"(max-width: 767px)\" srcset=\"/images/newsletter/Footer/_Footer-Mobile-375x200-FR.jpg\">\n        <source media=\"(min-width: 768px) and (max-width: 1023px)\" srcset=\"/images/newsletter/Footer/_Footer-Tablet-768x350-FR.jpg\">\n        <source media=\"(min-width: 1024px) and (max-width: 1439px)\" srcset=\"/images/newsletter/Footer/_Footer-1024-928x450-FR.jpg\">\n        <source media=\"(min-width: 1440px)\" srcset=\"/images/newsletter/Footer/_Footer-1440-1312x492-FR.jpg\">\n\n        <img class=\"w-full h-auto\" src=\"/images/newsletter/Footer/_Footer-Mobile-375x200-FR.jpg\" alt=\"Footer Image\"></picture></div><form class=\"bg-lightgray p-6\" data-behaviour=\"newsletter-signup\" action=\"/\" data-initialized=\"true\"><div class=\"grid grid-cols-1 gap-10 divide-y divide-gray-300 bg-white p-10 lg:grid-cols-2 lg:divide-x lg:divide-y-0\"><div class=\"flex flex-col gap-4\"><h2 class=\"mb-4 font-bold text-xl\">Abonnez-vous à la newsletter et recevez un bon de 22%**</h2>\n\n                <ul class=\"ml-4 grid list-disc grid-cols-1 gap-4 gap-y-1 md:grid-cols-2 lg:grid-cols-1 xl:grid-cols-2\"><li>Recevez votre bon de bienvenue</li>\n                    <li>Ne manquez plus jamais une réduction</li>\n                    <li>Soyez l'un des premiers</li>\n                    <li>Gagnez de superbes prix</li></ul></div>\n\n            <div id=\"newsletter-registration\" class=\"flex flex-col gap-4 pt-10 lg:pl-10 lg:pt-0\"><div class=\"flex items-center gap-4\"><div class=\"flex items-center gap-2\"><input type=\"radio\" id=\"2\" name=\"Gender\" value=\"2\" class=\"form-radio\">\n            <label for=\"2\">Madame</label></div><div class=\"flex items-center gap-2\"><input type=\"radio\" id=\"1\" name=\"Gender\" value=\"1\" class=\"form-radio\">\n            <label for=\"1\">Monsieur</label></div><div class=\"flex items-center gap-2\"><input type=\"radio\" id=\"3\" name=\"Gender\" value=\"3\" class=\"form-radio\">\n            <label for=\"3\">Divers</label></div><div class=\"text-xs text-darkgray\">(Optional)</div></div>\n                    <div class=\"relative\"><div class=\"flex gap-2 items-center\"><div class=\"input-ctrl w-full\"><input id=\"customtextfield-28dd40e0-4d83-4348-94c0-30aac5001bc4\" required=\"\" type=\"email\" name=\"PlainEmail\" class=\"valid w-full\" placeholder=\" \">\n            <label for=\"customtextfield-28dd40e0-4d83-4348-94c0-30aac5001bc4\">Adresse e-mail*</label></div></div></div>\n                    <p class=\"text-xs\">Les conditions de réduction exactes se trouvent dans votre newsletter de bienvenue personnelle.\n    Des informations sur la manière dont nous traitons vos données sont disponibles dans notre politique de confidentialité.\n    <a href=\"/protection-des-donnees\" class=\"underline\">Politique de confidentialité</a>.\n    Vous pouvez révoquer votre consentement à la newsletter à tout moment via le lien de désabonnement à la fin de chaque newsletter.</p>\n                    <button type=\"submit\" class=\"btn-black\">S’abonner maintenant</button></div></div></form><div id=\"successMessage\" class=\"bg-lightgray mx-auto my-6 hidden max-w-2xl p-6\" data-behaviour=\"newsletter-resend\" data-initialized=\"true\"><div class=\"flex flex-col gap-4 bg-white p-10\"><h2 class=\"mb-4 font-bold text-xl\">Presque terminé&nbsp;: une dernière étape&nbsp;!</h2>\n        <p class=\"font-bold\">Confirmez votre inscription</p>\n        <p>Consultez votre boîte de réception. Nous vous avons envoyé un e-mail pour confirmer votre adresse e-mail à&nbsp;:</p>\n        <p class=\"mb-4 font-bold\" id=\"userEmail\"></p>\n\n        <div class=\"flex items-center gap-2\"><a href=\"#\" id=\"resendLink\" class=\"underline\">Pas d'e-mail&nbsp;? Renvoyer</a>\n            <svg id=\"resendIcon\" width=\"24\" height=\"24\" viewBox=\"0 0 24 24\" fill=\"none\" class=\"hidden\"><path d=\"M9.5499 16.9758C9.4499 16.9758 9.3539 16.9591 9.2619 16.9258C9.17057 16.8924 9.0749 16.8341 8.9749 16.7508L4.9249 12.7008C4.8249 12.5841 4.7749 12.4631 4.7749 12.3378C4.7749 12.2131 4.83324 12.0924 4.9499 11.9758C5.0499 11.8758 5.16657 11.8258 5.2999 11.8258C5.43324 11.8258 5.5499 11.8758 5.6499 11.9758L9.5499 15.8758L18.3499 7.07578C18.4499 6.97578 18.5666 6.92578 18.6999 6.92578C18.8332 6.92578 18.9582 6.97578 19.0749 7.07578C19.1749 7.19245 19.2249 7.31345 19.2249 7.43878C19.2249 7.56345 19.1749 7.68411 19.0749 7.80078L10.1249 16.7508C10.0249 16.8341 9.92924 16.8924 9.8379 16.9258C9.7459 16.9591 9.6499 16.9758 9.5499 16.9758Z\" fill=\"#1D1D1F\"></path></svg></div></div></div><div class=\"text-darkgray mb-8 mt-16 md:mt-0\"><div class=\"mb-2\"><span class=\"asteriks\">*</span> Tous les prix incluent la TVA légale. Les frais de livraison s'élèvent à 3,95 €. Toutes les informations sur la livraison sont disponibles <a href=\"/frais-dexpedition\" class=\"underline\">ici</a>. </div><div class=\"mb-2\"><span class=\"asteriks\">**</span>  Vous trouverez tous les détails sur les conditions de remise dans votre newsletter de bienvenue\n</div></div><div id=\"seo-text\" class=\"block md:flex my-2.5 pt-3.5 clear-both pr-0 inline-block\">\n\t<div class=\"w-full md:w-1/2 clear-none inline float-left\">\n\t\t<div class=\"mb-0\">\n\t\t\t<h6 class=\"mb-0\">\n\t\t\t\tparfumdreams – des créations parfumées tout droit sorties d’un rêve, à des prix avantageux\n\t\t\t</h6>\n\t\t\t<p class=\"my-2.5 mb-4\">\n\t\t\t\tLes senteurs sont étroitement liées à nos souvenirs. Karl Lagerfeld en était d’ailleurs convaincu :\n\t\t\t\t\n\t\t\t\t« Un parfum doit évoquer les meilleurs instants de la vie »\n\t\t\t\t\n\t\t\t\t. Les différents parfums de notre collection représentent souvent différentes phases de la vie. Un nuage de gouttelettes du parfum préféré de notre jeunesse, et nous retrouvons immédiatement la légèreté avec laquelle nous dansions la vie. Une fragrance nous rappelle le souk aux épices, une autre évoque une contrée lointaine parce qu’elle a su mettre en flacon le murmure du ressac, une autre encore, que nous portions lors d’un merveilleux voyage, nous fait revivre des moments uniques.\n\t\t\t</p>\n\t\t\t<p class=\"my-2.5 mb-4\">\n\t\t\t\tQu’elles vous replongent dans de vieux souvenirs ou qu’elles participent à en créer de nouveaux, que vous les vouliez classiques ou innovantes, fraîches ou opulentes, pour tous les jours ou pour faire la fête : chez parfumdreams, vous trouverez des créations parfumées pour toutes les occasions. Mais ce n’est pas tout !\n\t\t\t\t<a class=\"text-black pb-0 pt-0 hover:text-pdpink\" href=\"https://www.parfumdreams.fr/Maquillage\">\n\t\t\t\t\tMaquillage\n\t\t\t\t</a>\n\t\t\t\tou soins pour le\n\t\t\t\t<a class=\"text-black pb-0 pt-0 hover:text-pdpink\" href=\"https://www.parfumdreams.fr/Soin/Visage\">\n\t\t\t\t\tvisage\n\t\t\t\t</a>\n\t\t\t\t, le\n\t\t\t\t<a class=\"text-black pb-0 pt-0 hover:text-pdpink\" href=\"https://www.parfumdreams.fr/Soin/Corps\">\n\t\t\t\t\tcorps\n\t\t\t\t</a>\n\t\t\t\tet les\n\t\t\t\t<a class=\"text-black pb-0 pt-0 hover:text-pdpink\" href=\"https://www.parfumdreams.fr/Cheveux\">\n\t\t\t\t\tcheveux\n\t\t\t\t</a>\n\t\t\t\t: tout ce que désirent les fans de cosmétiques est chez parfumdreams.\n\t\t\t\t\n\t\t\t\tC’est aussi son cas. Il revient chaque année : notre\n\t\t\t\t<a class=\"text-black pb-0 pt-0 hover:text-pdpink\" href=\"https://www.parfumdreams.fr/Calendrier-de-lAvent\">\n\t\t\t\t\tcalendrier de l’Avent Beauté\n\t\t\t\t</a>\n\t\t\t\texclusif.\n\t\t\t</p>\n\t\t\t<h6 class=\"mb-0\">\n\t\t\t\tVos vœux beauté exaucés : le luxe à petit prix chez parfumdreams\n\t\t\t</h6>\n\t\t\t<p class=\"my-2.5 mb-4\">\n\t\t\t\tUn parfum exquis, un soin pour le visage à la formule innovante ou du maquillage haut de gamme : voilà un petit luxe ponctuel qui rend la vie un peu plus belle. Mais pourquoi vider votre porte-monnaie pour autant ? Chez parfumdreams, découvrez des\n\t\t\t\t<a class=\"text-black pb-0 pt-0 hover:text-pdpink\" href=\"https://www.parfumdreams.fr/Parfums/Parfums-pour-femmes\">\n\t\t\t\t\tparfums pour femmes\n\t\t\t\t</a>\n\t\t\t\tet des\n\t\t\t\t<a class=\"text-black pb-0 pt-0 hover:text-pdpink\" href=\"https://www.parfumdreams.fr/Parfums/Parfums-pour-hommes\">\n\t\t\t\t\tparfums pour hommes\n\t\t\t\t</a>\n\t\t\t\tainsi que des\n\t\t\t\t\n\t\t\t\tcosmétiques pour hommes et pour femmes\n\t\t\t\t\n\t\t\t\tà des prix abordables et sans frais de port. De plus, vous pouvez les retourner dans un délai de 180 jours.\n\t\t\t\t\n\t\t\t\tDécouvrez les meilleurs parfums et cosmétiques.\n\t\t\t\t\n\t\t\t\tProfitez du luxe d’un moment de pure détente dans un bain effervescent, de notes de parfum harmonieuses, de la sensation soyeuse de cheveux en bonne santé et de l’éclat d’un teint rosé.\n\t\t\t</p>\n\t\t</div>\n\t</div>\n\t<div class=\"w-full md:w-1/2 pl-2.5 clear-none inline float-left\">\n\t\t<div class=\"mb-0\">\n\t\t\t<h6 class=\"mb-0\">\n\t\t\t\tService cadeaux gratuit : un petit quelque chose de spécial qui fait plaisir\n\t\t\t</h6>\n\t\t\t<p class=\"my-2.5 mb-4\">\n\t\t\t\tLes petits cadeaux entretiennent l’amitié. Parfums, maquillage, soins pour le corps ou les cheveux, accessoires...\n\t\t\t\t\n\t\t\t\tAvec le service cadeaux gratuit de parfumdreams, vous offrez quelques secondes d’évasion loin du stress du quotidien.\n\t\t\t\t\n\t\t\t\tUn « Merci ». Un soupçon de luxe. Un voyage à travers les univers olfactifs enchanteurs de notre parfumerie. Une délicate attention à l’occasion d’un anniversaire,\n\t\t\t\t<a class=\"text-black pb-0 pt-0 hover:text-pdpink\" href=\"https://www.parfumdreams.fr/Cadeaux-de-noel\">\n\t\t\t\t\tdes fêtes de Noël\n\t\t\t\t</a>\n\t\t\t\t, de la\n\t\t\t\t<a class=\"text-black pb-0 pt-0 hover:text-pdpink\" href=\"https://www.parfumdreams.fr/Saint-Valentin\">\n\t\t\t\t\tSaint-Valentin\n\t\t\t\t</a>\n\t\t\t\t. Faites votre choix parmi plus de 900 marques et 44 000 produits et retrouvez également des\n\t\t\t\t<a class=\"text-black pb-0 pt-0 hover:text-pdpink\" href=\"https://www.parfumdreams.fr/Accessoires/Parfumdreams/index_91721.aspx\">\n\t\t\t\t\tcartes cadeaux\n\t\t\t\t</a>\n\t\t\t\toriginales pour vos amis, votre famille et vos êtres chers.\n\t\t\t</p>\n\t\t\t<h6 class=\"mb-0\">\n\t\t\t\tOffres et promotions : parce que nous ne sommes jamais à court d’idées…\n\t\t\t</h6>\n\t\t\t<p class=\"my-2.5 mb-4\">\n\t\t\t\t…chez parfumdreams, en plus de nos bons, nous vous proposons régulièrement des offres et des promotions qui font rêver. Recevez un à trois échantillons par commande et décidez-vous parmi plusieurs options de paiement sécurisées, telles que le paiement sur facture.\n\t\t\t\t\n\t\t\t\tAvec notre newsletter\n\t\t\t\t\n\t\t\t\t, ne ratez rien des dernières tendances,\n\t\t\t\t\n\t\t\t\tde nos réductions époustouflantes\n\t\t\t\t\n\t\t\t\tet de nos promotions séduisantes. Amusez-vous avec nos jeux concours et bénéficiez de nos offres de réduction exceptionnelles lors de la\n\t\t\t\t<a class=\"text-black pb-0 pt-0 hover:text-pdpink\" href=\"https://www.parfumdreams.fr/Shoppingweek\">\n\t\t\t\t\tGLAMOUR Shopping Week\n\t\t\t\t</a>\n\t\t\t\tou encore de l’annuel\n\t\t\t\t<a class=\"text-black pb-0 pt-0 hover:text-pdpink\" href=\"https://www.parfumdreams.fr/Black-Friday-Week\">\n\t\t\t\t\tBlack Weekend\n\t\t\t\t</a>\n\t\t\t\tchez parfumdreams.\n\t\t\t</p>\n\t\t</div>\n\t</div>\n</div>\n<div id=\"seo-text\" class=\"w-full my-2.5 pt-3.5 flex grid grid-cols-2 md:grid-cols-6 clear-both pr-0 inline-block\">\n\t<div class=\"col-span-2 md:col-span-6 t-12 clear-none inline float-left\">\n\t\t<div class=\"mb-0\">\n\t\t\t<h6 class=\"mb-0\">\n\t\t\t\tTop Marques\n\t\t\t</h6>\n\t\t</div>\n\t</div>\n\t<div class=\"clear-none inline float-left\">\n\t\t<div class=\"overflow-hidden text-ellipsis mb-0\">\n\t\t\t<a class=\"text-black pb-0 pt-0 hover:text-pdpink\" href=\"https://www.parfumdreams.fr/Acqua-di-Parma\" style=\"white-space:nowrap;line-height: 28px\">\n\t\t\t\tAcqua di Parma\n\t\t\t</a>\n\t\t</div>\n\t</div>\n\t<div class=\"clear-none inline float-left\">\n\t\t<div class=\"overflow-hidden text-ellipsis mb-0\">\n\t\t\t<a class=\"text-black pb-0 pt-0 hover:text-pdpink\" href=\"https://www.parfumdreams.fr/Atelier-Cologne\" style=\"white-space:nowrap;line-height: 28px\">\n\t\t\t\tAtelier Cologne\n\t\t\t</a>\n\t\t</div>\n\t</div>\n\t<div class=\"clear-none inline float-left\">\n\t\t<div class=\"overflow-hidden text-ellipsis mb-0\">\n\t\t\t<a class=\"text-black pb-0 pt-0 hover:text-pdpink\" href=\"https://www.parfumdreams.fr/Bruno-Banani\" style=\"white-space:nowrap;line-height: 28px\">\n\t\t\t\tBruno Banani\n\t\t\t</a>\n\t\t</div>\n\t</div>\n\t<div class=\"clear-none inline float-left\">\n\t\t<div class=\"overflow-hidden text-ellipsis mb-0\">\n\t\t\t<a class=\"text-black pb-0 pt-0 hover:text-pdpink\" href=\"https://www.parfumdreams.fr/Carolina-Herrera\" style=\"white-space:nowrap;line-height: 28px\">\n\t\t\t\tCarolina Herrera\n\t\t\t</a>\n\t\t</div>\n\t</div>\n\t<div class=\"clear-none inline float-left\">\n\t\t<div class=\"overflow-hidden text-ellipsis mb-0\">\n\t\t\t<a class=\"text-black pb-0 pt-0 hover:text-pdpink\" href=\"https://www.parfumdreams.fr/Catrice\" style=\"white-space:nowrap;line-height: 28px\">\n\t\t\t\tCatrice Cosmetics\n\t\t\t</a>\n\t\t</div>\n\t</div>\n\t<div class=\"clear-none inline float-left\">\n\t\t<div class=\"overflow-hidden text-ellipsis mb-0\">\n\t\t\t<a class=\"text-black pb-0 pt-0 hover:text-pdpink\" href=\"https://www.parfumdreams.fr/Nesti-Dante-Firenze\" style=\"white-space:nowrap;line-height: 28px\">\n\t\t\t\tDante Firenze Parfum\n\t\t\t</a>\n\t\t</div>\n\t</div>\n\t<div class=\"clear-none inline float-left\">\n\t\t<div class=\"overflow-hidden text-ellipsis mb-0\">\n\t\t\t<a class=\"text-black pb-0 pt-0 hover:text-pdpink\" href=\"https://www.parfumdreams.fr/Dr-Dennis-Gross\" style=\"white-space:nowrap;line-height: 28px\">\n\t\t\t\tDr Dennis Gross\n\t\t\t</a>\n\t\t</div>\n\t</div>\n\t<div class=\"clear-none inline float-left\">\n\t\t<div class=\"overflow-hidden text-ellipsis mb-0\">\n\t\t\t<a class=\"text-black pb-0 pt-0 hover:text-pdpink\" href=\"https://www.parfumdreams.fr/Dr-Irena-Eris\" style=\"white-space:nowrap;line-height: 28px\">\n\t\t\t\tDr Irena Eris\n\t\t\t</a>\n\t\t</div>\n\t</div>\n\t<div class=\"clear-none inline float-left\">\n\t\t<div class=\"overflow-hidden text-ellipsis mb-0\">\n\t\t\t<a class=\"text-black pb-0 pt-0 hover:text-pdpink\" href=\"https://www.parfumdreams.fr/Essence\" style=\"white-space:nowrap;line-height: 28px\">\n\t\t\t\tessence\n\t\t\t</a>\n\t\t</div>\n\t</div>\n\t<div class=\"clear-none inline float-left\">\n\t\t<div class=\"overflow-hidden text-ellipsis mb-0\">\n\t\t\t<a class=\"text-black pb-0 pt-0 hover:text-pdpink\" href=\"https://www.parfumdreams.fr/Filorga\" style=\"white-space:nowrap;line-height: 28px\">\n\t\t\t\tFilorga\n\t\t\t</a>\n\t\t</div>\n\t</div>\n\t<div class=\"clear-none inline float-left\">\n\t\t<div class=\"overflow-hidden text-ellipsis mb-0\">\n\t\t\t<a class=\"text-black pb-0 pt-0 hover:text-pdpink\" href=\"https://www.parfumdreams.fr/Hugo-Boss\" style=\"white-space:nowrap;line-height: 28px\">\n\t\t\t\tHugo Boss Parfum\n\t\t\t</a>\n\t\t</div>\n\t</div>\n\t<div class=\"clear-none inline float-left\">\n\t\t<div class=\"overflow-hidden text-ellipsis mb-0\">\n\t\t\t<a class=\"text-black pb-0 pt-0 hover:text-pdpink\" href=\"https://www.parfumdreams.fr/Jil-Sander\" style=\"white-space:nowrap;line-height: 28px\">\n\t\t\t\tJil Sander Parfum\n\t\t\t</a>\n\t\t</div>\n\t</div>\n\t<div class=\"clear-none inline float-left\">\n\t\t<div class=\"overflow-hidden text-ellipsis mb-0\">\n\t\t\t<a class=\"text-black pb-0 pt-0 hover:text-pdpink\" href=\"https://www.parfumdreams.fr/Kerastase\" style=\"white-space:nowrap;line-height: 28px\">\n\t\t\t\tKérastase\n\t\t\t</a>\n\t\t</div>\n\t</div>\n\t<div class=\"clear-none inline float-left\">\n\t\t<div class=\"overflow-hidden text-ellipsis mb-0\">\n\t\t\t<a class=\"text-black pb-0 pt-0 hover:text-pdpink\" href=\"https://www.parfumdreams.fr/Kiehls\" style=\"white-space:nowrap;line-height: 28px\">\n\t\t\t\tKiehl's\n\t\t\t</a>\n\t\t</div>\n\t</div>\n\t<div class=\"clear-none inline float-left\">\n\t\t<div class=\"overflow-hidden text-ellipsis mb-0\">\n\t\t\t<a class=\"text-black pb-0 pt-0 hover:text-pdpink\" href=\"https://www.parfumdreams.fr/Lancome\" style=\"white-space:nowrap;line-height: 28px\">\n\t\t\t\tLancôme\n\t\t\t</a>\n\t\t</div>\n\t</div>\n\t<div class=\"clear-none inline float-left\">\n\t\t<div class=\"overflow-hidden text-ellipsis mb-0\">\n\t\t\t<a class=\"text-black pb-0 pt-0 hover:text-pdpink\" href=\"https://www.parfumdreams.fr/Mario-Badescu\" style=\"white-space:nowrap;line-height: 28px\">\n\t\t\t\tMario Badescu\n\t\t\t</a>\n\t\t</div>\n\t</div>\n\t<div class=\"clear-none inline float-left\">\n\t\t<div class=\"overflow-hidden text-ellipsis mb-0\">\n\t\t\t<a class=\"text-black pb-0 pt-0 hover:text-pdpink\" href=\"https://www.parfumdreams.fr/Tiziana-Terenzi\" style=\"white-space:nowrap;line-height: 28px\">\n\t\t\t\tTitziana Terenzi\n\t\t\t</a>\n\t\t</div>\n\t</div>\n\t<div class=\"clear-none inline float-left\">\n\t\t<div class=\"overflow-hidden text-ellipsis mb-0\">\n\t\t\t<a class=\"text-black pb-0 pt-0 hover:text-pdpink\" href=\"https://www.parfumdreams.fr/XERJOFF\" style=\"white-space:nowrap;line-height: 28px\">\n\t\t\t\tXERJOFF\n\t\t\t</a>\n\t\t</div>\n\t</div>\n\t<div class=\"clear-none inline float-left\">\n\t\t<div class=\"overflow-hidden text-ellipsis mb-0\">\n\t\t\t<a class=\"text-black pb-0 pt-0 hover:text-pdpink\" href=\"https://www.parfumdreams.fr/Yope\" style=\"white-space:nowrap;line-height: 28px\">\n\t\t\t\tYope\n\t\t\t</a>\n\t\t</div>\n\t</div>\n</div>\n<div id=\"seo-text\" class=\"w-full my-2.5 pt-3.5 flex grid grid-cols-2 md:grid-cols-6 clear-both pr-0 inline-block\">\n\t<div class=\"col-span-2 md:col-span-6 t-12 clear-none inline float-left\">\n\t\t<div class=\"mb-0\">\n\t\t\t<h6 class=\"mb-0\">\n\t\t\t\tTOP Produits\n\t\t\t</h6>\n\t\t</div>\n\t</div>\n\t<div class=\"clear-none inline float-left\">\n\t\t<div class=\"overflow-hidden text-ellipsis mb-0\">\n\t\t\t<a class=\"text-black pb-0 pt-0 hover:text-pdpink\" href=\"https://www.parfumdreams.fr/Prada/Parfums-pour-hommes/LHomme-Prada/Eau-de-Parfum-Spray/index_67537.aspx\" style=\"white-space:nowrap;line-height: 28px\">\n\t\t\t\tL'Homme Prada\n\t\t\t</a>\n\t\t</div>\n\t</div>\n\t<div class=\"clear-none inline float-left\">\n\t\t<div class=\"overflow-hidden text-ellipsis mb-0\">\n\t\t\t<a class=\"text-black pb-0 pt-0 hover:text-pdpink\" href=\"https://www.parfumdreams.fr/Boucheron/Parfums-pour-hommes/Quatre-Absolu-de-Nuit-Pour-Homme/Eau-de-Parfum-Spray/index_69186.aspx\" style=\"white-space:nowrap;line-height: 28px\">\n\t\t\t\tBoucheron Quatre Absolu de Nuit\n\t\t\t</a>\n\t\t</div>\n\t</div>\n\t<div class=\"clear-none inline float-left\">\n\t\t<div class=\"overflow-hidden text-ellipsis mb-0\">\n\t\t\t<a class=\"text-black pb-0 pt-0 hover:text-pdpink\" href=\"https://www.parfumdreams.fr/Bvlgari/Parfums-pour-femmes/Blv-Notte-pour-femme/Eau-de-Parfum-Spray/index_14812.aspx\" style=\"white-space:nowrap;line-height: 28px\">\n\t\t\t\tBvlgari Parfum Femme\n\t\t\t</a>\n\t\t</div>\n\t</div>\n\t<div class=\"clear-none inline float-left\">\n\t\t<div class=\"overflow-hidden text-ellipsis mb-0\">\n\t\t\t<a class=\"text-black pb-0 pt-0 hover:text-pdpink\" href=\"https://www.parfumdreams.fr/Calvin-Klein/Parfums-pour-femmes/Endless-Euphoria/Eau-de-Parfum-Spray/index_45919.aspx\" style=\"white-space:nowrap;line-height: 28px\">\n\t\t\t\tCalvin Klein Euphoria\n\t\t\t</a>\n\t\t</div>\n\t</div>\n\t<div class=\"clear-none inline float-left\">\n\t\t<div class=\"overflow-hidden text-ellipsis mb-0\">\n\t\t\t<a class=\"text-black pb-0 pt-0 hover:text-pdpink\" href=\"https://www.parfumdreams.fr/Carolina-Herrera/Parfums-pour-femmes/212-Sexy-Women/Eau-de-Parfum-Spray/index_15421.aspx\" style=\"white-space:nowrap;line-height: 28px\">\n\t\t\t\tCarolina Herrera 212 Parfum\n\t\t\t</a>\n\t\t</div>\n\t</div>\n\t<div class=\"clear-none inline float-left\">\n\t\t<div class=\"overflow-hidden text-ellipsis mb-0\">\n\t\t\t<a class=\"text-black pb-0 pt-0 hover:text-pdpink\" href=\"https://www.parfumdreams.fr/Clive-Christian/Parfums-pour-hommes/X-Men/Perfume-Spray/index_67459.aspx\" style=\"white-space:nowrap;line-height: 28px\">\n\t\t\t\tClive Christian X Men\n\t\t\t</a>\n\t\t</div>\n\t</div>\n\t<div class=\"clear-none inline float-left\">\n\t\t<div class=\"overflow-hidden text-ellipsis mb-0\">\n\t\t\t<a class=\"text-black pb-0 pt-0 hover:text-pdpink\" href=\"https://www.parfumdreams.fr/DIOR/Parfums-pour-hommes/Eau-Sauvage/Eau-de-Toilette-Spray/index_16427.aspx\" style=\"white-space:nowrap;line-height: 28px\">\n\t\t\t\tDIOR Sauvage Parfum\n\t\t\t</a>\n\t\t</div>\n\t</div>\n\t<div class=\"clear-none inline float-left\">\n\t\t<div class=\"overflow-hidden text-ellipsis mb-0\">\n\t\t\t<a class=\"text-black pb-0 pt-0 hover:text-pdpink\" href=\"https://www.parfumdreams.fr/Helene-Fischer/Parfums-pour-femmes/Thats-Me/Eau-de-Parfum-Rollerball/index_64910.aspx\" style=\"white-space:nowrap;line-height: 28px\">\n\t\t\t\tHelene Fisher That's me\n\t\t\t</a>\n\t\t</div>\n\t</div>\n\t<div class=\"clear-none inline float-left\">\n\t\t<div class=\"overflow-hidden text-ellipsis mb-0\">\n\t\t\t<a class=\"text-black pb-0 pt-0 hover:text-pdpink\" href=\"https://www.parfumdreams.fr/Lancome/Parfums-pour-femmes/Idole/Eau-de-Parfum-Spray/index_86787.aspx\" style=\"white-space:nowrap;line-height: 28px\">\n\t\t\t\tIdole Lancôme\n\t\t\t</a>\n\t\t</div>\n\t</div>\n\t<div class=\"clear-none inline float-left\">\n\t\t<div class=\"overflow-hidden text-ellipsis mb-0\">\n\t\t\t<a class=\"text-black pb-0 pt-0 hover:text-pdpink\" href=\"https://www.parfumdreams.fr/LOreal-Paris/Maquillage-du-teint/Foundation/Perfect-Match-Make-Up/index_99310.aspx\" style=\"white-space:nowrap;line-height: 28px\">\n\t\t\t\tL’Oréal Perfect Match\n\t\t\t</a>\n\t\t</div>\n\t</div>\n\t<div class=\"clear-none inline float-left\">\n\t\t<div class=\"overflow-hidden text-ellipsis mb-0\">\n\t\t\t<a class=\"text-black pb-0 pt-0 hover:text-pdpink\" href=\"https://www.parfumdreams.fr/Lancome/Parfums-pour-femmes/La-vie-est-belle/Eau-de-Parfum-Spray/index_38746.aspx\" style=\"white-space:nowrap;line-height: 28px\">\n\t\t\t\tLancôme La vie est belle\n\t\t\t</a>\n\t\t</div>\n\t</div>\n\t<div class=\"clear-none inline float-left\">\n\t\t<div class=\"overflow-hidden text-ellipsis mb-0\">\n\t\t\t<a class=\"text-black pb-0 pt-0 hover:text-pdpink\" href=\"https://www.parfumdreams.fr/Manuka-Health/Health/Manuka-Honey/MGO-250-Manuka-Honey/index_88425.aspx\" style=\"white-space:nowrap;line-height: 28px\">\n\t\t\t\tManuka Honey\n\t\t\t</a>\n\t\t</div>\n\t</div>\n\t<div class=\"clear-none inline float-left\">\n\t\t<div class=\"overflow-hidden text-ellipsis mb-0\">\n\t\t\t<a class=\"text-black pb-0 pt-0 hover:text-pdpink\" href=\"https://www.parfumdreams.fr/Parfums-de-Marly/Parfums-pour-hommes/Men/Eau-de-Parfum-Spray/index_46079.aspx\" style=\"white-space:nowrap;line-height: 28px\">\n\t\t\t\tMarly Pegasus\n\t\t\t</a>\n\t\t</div>\n\t</div>\n\t<div class=\"clear-none inline float-left\">\n\t\t<div class=\"overflow-hidden text-ellipsis mb-0\">\n\t\t\t<a class=\"text-black pb-0 pt-0 hover:text-pdpink\" href=\"https://www.parfumdreams.fr/Maybelline-New-York/Maquillage-des-yeux/Mascara/Mascara-Lash-Sensational-Sky-High/index_102339.aspx\" style=\"white-space:nowrap;line-height: 28px\">\n\t\t\t\tMaybelline sky high mascara\n\t\t\t</a>\n\t\t</div>\n\t</div>\n\t<div class=\"clear-none inline float-left\">\n\t\t<div class=\"overflow-hidden text-ellipsis mb-0\">\n\t\t\t<a class=\"text-black pb-0 pt-0 hover:text-pdpink\" href=\"https://www.parfumdreams.fr/Cristiano-Ronaldo/Parfums-pour-hommes/CR7\" style=\"white-space:nowrap;line-height: 28px\">\n\t\t\t\tParfum CR7\n\t\t\t</a>\n\t\t</div>\n\t</div>\n\t<div class=\"clear-none inline float-left\">\n\t\t<div class=\"overflow-hidden text-ellipsis mb-0\">\n\t\t\t<a class=\"text-black pb-0 pt-0 hover:text-pdpink\" href=\"https://www.parfumdreams.fr/Rihanna/Womens-fragrances/Nude/Eau-de-Parfum-Spray/index_50176.aspx\" style=\"white-space:nowrap;line-height: 28px\">\n\t\t\t\tRihanna Nude\n\t\t\t</a>\n\t\t</div>\n\t</div>\n\t<div class=\"clear-none inline float-left\">\n\t\t<div class=\"overflow-hidden text-ellipsis mb-0\">\n\t\t\t<a class=\"text-black pb-0 pt-0 hover:text-pdpink\" href=\"https://www.parfumdreams.fr/Viktor-Rolf/Parfums-pour-hommes/Spicebomb/Eau-de-Parfum-Spray/index_51397.aspx\" style=\"white-space:nowrap;line-height: 28px\">\n\t\t\t\tViktor Rolf Spicebomb\n\t\t\t</a>\n\t\t</div>\n\t</div>\n\t<div class=\"clear-none inline float-left\">\n\t\t<div class=\"overflow-hidden text-ellipsis mb-0\">\n\t\t\t<a class=\"text-black pb-0 pt-0 hover:text-pdpink\" href=\"https://www.parfumdreams.fr/Vivienne-Westwood/Parfums-pour-femmes/Let-it-rock/Eau-de-Parfum-Spray/index_15544.aspx\" style=\"white-space:nowrap;line-height: 28px\">\n\t\t\t\tVivienne Westwood Let it rock\n\t\t\t</a>\n\t\t</div>\n\t</div>\n\t<div class=\"clear-none inline float-left\">\n\t\t<div class=\"overflow-hidden text-ellipsis mb-0\">\n\t\t\t<a class=\"text-black pb-0 pt-0 hover:text-pdpink\" href=\"https://www.parfumdreams.fr/Yves-Saint-Laurent/Parfums-pour-femmes/Libre/Eau-de-Parfum-Spray/index_86932.aspx\" style=\"white-space:nowrap;line-height: 28px\">\n\t\t\t\tYsl Libre\n\t\t\t</a>\n\t\t</div>\n\t</div>\n</div>\n<div id=\"seo-text\" class=\"w-full my-2.5 pt-3.5 flex grid grid-cols-2 md:grid-cols-6 clear-both pr-0 inline-block\">\n\t<div class=\"col-span-2 md:col-span-6 t-12 clear-none inline float-left\">\n\t\t<div class=\"mb-0\">\n\t\t\t<h6 class=\"mb-0\">\n\t\t\t\tparfumdreams International\n\t\t\t</h6>\n\t\t</div>\n\t</div>\n\t<div class=\"clear-none inline float-left\">\n\t\t<div class=\"overflow-hidden text-ellipsis mb-0\">\n\t\t\t<a class=\"text-black pb-0 pt-0 hover:text-pdpink\" href=\"https://www.parfumdreams.de/\" style=\"white-space:nowrap;line-height: 28px\">\n\t\t\t\tparfumdreams Allemagne\n\t\t\t</a>\n\t\t</div>\n\t</div>\n\t<div class=\"clear-none inline float-left\">\n\t\t<div class=\"overflow-hidden text-ellipsis mb-0\">\n\t\t\t<a class=\"text-black pb-0 pt-0 hover:text-pdpink\" href=\"https://www.parfumdreams.co.uk/\" style=\"white-space:nowrap;line-height: 28px\">\n\t\t\t\tparfumdreams Angleterre\n\t\t\t</a>\n\t\t</div>\n\t</div>\n\t<div class=\"clear-none inline float-left\">\n\t\t<div class=\"overflow-hidden text-ellipsis mb-0\">\n\t\t\t<a class=\"text-black pb-0 pt-0 hover:text-pdpink\" href=\"https://www.parfumdreams.at/\" style=\"white-space:nowrap;line-height: 28px\">\n\t\t\t\tparfumdreams Autriche\n\t\t\t</a>\n\t\t</div>\n\t</div>\n\t<div class=\"clear-none inline float-left\">\n\t\t<div class=\"overflow-hidden text-ellipsis mb-0\">\n\t\t\t<a class=\"text-black pb-0 pt-0 hover:text-pdpink\" href=\"https://www.parfumdreams.be/\" style=\"white-space:nowrap;line-height: 28px\">\n\t\t\t\tparfumdreams Belgique\n\t\t\t</a>\n\t\t</div>\n\t</div>\n\t<div class=\"clear-none inline float-left\">\n\t\t<div class=\"overflow-hidden text-ellipsis mb-0\">\n\t\t\t<a class=\"text-black pb-0 pt-0 hover:text-pdpink\" href=\"https://www.parfumdreams.dk/\" style=\"white-space:nowrap;line-height: 28px\">\n\t\t\t\tparfumdreams Danemark\n\t\t\t</a>\n\t\t</div>\n\t</div>\n\t<div class=\"clear-none inline float-left\">\n\t\t<div class=\"overflow-hidden text-ellipsis mb-0\">\n\t\t\t<a class=\"text-black pb-0 pt-0 hover:text-pdpink\" href=\"https://www.parfumdreams.es/\" style=\"white-space:nowrap;line-height: 28px\">\n\t\t\t\tparfumdreams Espagne\n\t\t\t</a>\n\t\t</div>\n\t</div>\n\t<div class=\"clear-none inline float-left\">\n\t\t<div class=\"overflow-hidden text-ellipsis mb-0\">\n\t\t\t<a class=\"text-black pb-0 pt-0 hover:text-pdpink\" href=\"https://www.parfumdreams.fi/\" style=\"white-space:nowrap;line-height: 28px\">\n\t\t\t\tparfumdreams Finlande\n\t\t\t</a>\n\t\t</div>\n\t</div>\n\t<div class=\"clear-none inline float-left\">\n\t\t<div class=\"overflow-hidden text-ellipsis mb-0\">\n\t\t\t<a class=\"text-black pb-0 pt-0 hover:text-pdpink\" href=\"https://www.parfumdreams.ie/\" style=\"white-space:nowrap;line-height: 28px\">\n\t\t\t\tparfumdreams Irlande\n\t\t\t</a>\n\t\t</div>\n\t</div>\n\t<div class=\"clear-none inline float-left\">\n\t\t<div class=\"overflow-hidden text-ellipsis mb-0\">\n\t\t\t<a class=\"text-black pb-0 pt-0 hover:text-pdpink\" href=\"https://www.parfumdreams.it/\" style=\"white-space:nowrap;line-height: 28px\">\n\t\t\t\tparfumdreams Italie\n\t\t\t</a>\n\t\t</div>\n\t</div>\n\t<div class=\"clear-none inline float-left\">\n\t\t<div class=\"overflow-hidden text-ellipsis mb-0\">\n\t\t\t<a class=\"text-black pb-0 pt-0 hover:text-pdpink\" href=\"https://www.parfumdreams.nl/\" style=\"white-space:nowrap;line-height: 28px\">\n\t\t\t\tparfumdreams Néerlandais\n\t\t\t</a>\n\t\t</div>\n\t</div>\n\t<div class=\"clear-none inline float-left\">\n\t\t<div class=\"overflow-hidden text-ellipsis mb-0\">\n\t\t\t<a class=\"text-black pb-0 pt-0 hover:text-pdpink\" href=\"https://www.parfumdreams.pl/\" style=\"white-space:nowrap;line-height: 28px\">\n\t\t\t\tparfumdreams Pologne\n\t\t\t</a>\n\t\t</div>\n\t</div>\n\t<div class=\"clear-none inline float-left\">\n\t\t<div class=\"overflow-hidden text-ellipsis mb-0\">\n\t\t\t<a class=\"text-black pb-0 pt-0 hover:text-pdpink\" href=\"https://www.parfumdreams.pt/\" style=\"white-space:nowrap;line-height: 28px\">\n\t\t\t\tparfumdreams Portugal\n\t\t\t</a>\n\t\t</div>\n\t</div>\n\t<div class=\"clear-none inline float-left\">\n\t\t<div class=\"overflow-hidden text-ellipsis mb-0\">\n\t\t\t<a class=\"text-black pb-0 pt-0 hover:text-pdpink\" href=\"https://www.parfumdreams.se/\" style=\"white-space:nowrap;line-height: 28px\">\n\t\t\t\tparfumdreams Suède\n\t\t\t</a>\n\t\t</div>\n\t</div>\n\t<div class=\"clear-none inline float-left\">\n\t\t<div class=\"overflow-hidden text-ellipsis mb-0\">\n\t\t\t<a class=\"text-black pb-0 pt-0 hover:text-pdpink\" href=\"https://www.parfumdreams.ch/\" style=\"white-space:nowrap;line-height: 28px\">\n\t\t\t\tparfumdreams Suisse\n\t\t\t</a>\n\t\t</div>\n\t</div>\n\t<div class=\"clear-none inline float-left\">\n\t\t<div class=\"overflow-hidden text-ellipsis mb-0\">\n\t\t\t<a class=\"text-black pb-0 pt-0 hover:text-pdpink\" href=\"https://www.parfumdreams.cz/\" style=\"white-space:nowrap;line-height: 28px\">\n\t\t\t\tparfumdreams Tchéquie\n\t\t\t</a>\n\t\t</div>\n\t</div>\n</div><div class=\"flex justify-center font-headline l strong my-6\"><p class=\"font-headline text-2xl\">Modes de paiement </p></div>\n<div class=\"flex my-6 justify-center items-center flex-wrap\"><a href=\"/themes-de-laide/modes-de-paiement#Klarna\" class=\"ml-2 mt-2 xl:mt-0\"><img src=\"/images/paymentTypes/klarna.svg\" alt=\"Facture Klarna\" class=\"h-10 aspect-[7/4]\"></a><a href=\"/themes-de-laide/modes-de-paiement#carte-de-credit\" class=\"ml-2 mt-2 xl:mt-0\"><img src=\"/images/paymentTypes/visa.svg\" alt=\"Visa\" class=\"h-10 aspect-[7/4]\"></a><a href=\"/themes-de-laide/modes-de-paiement#carte-de-credit\" class=\"ml-2 mt-2 xl:mt-0\"><img src=\"/images/paymentTypes/mastercard.svg\" alt=\"MasterCard\" class=\"h-10 aspect-[7/4]\"></a><a href=\"/themes-de-laide/modes-de-paiement#paypal\" class=\"ml-2 mt-2 xl:mt-0\"><img src=\"/images/paymentTypes/paypal.svg\" alt=\"PayPal\" class=\"h-10 aspect-[7/4]\"></a><a href=\"/themes-de-laide/modes-de-paiement\" class=\"ml-2 mt-2 xl:mt-0\"><img src=\"/images/paymentTypes/apple-pay.svg\" alt=\"ApplePay\" class=\"h-10 aspect-[7/4]\"></a><a href=\"/themes-de-laide/modes-de-paiement#Amazon-Pay\" class=\"ml-2 mt-2 xl:mt-0\"><img src=\"/images/paymentTypes/amazonPay.svg\" alt=\"Amazon Pay\" class=\"h-10 aspect-[7/4]\"></a><a href=\"/themes-de-laide/modes-de-paiement\" class=\"ml-2 mt-2 xl:mt-0\"><img src=\"/images/paymentTypes/google-pay.svg\" alt=\"Google Pay\" class=\"h-10 aspect-[7/4]\"></a><a href=\"/themes-de-laide/modes-de-paiement#Klarna\" class=\"ml-2 mt-2 xl:mt-0\"><img src=\"/images/paymentTypes/klarna.svg\" alt=\"Klarna\" class=\"h-10 aspect-[7/4]\"></a></div><div class=\"md:grid md:grid-cols-3 md:gap-3\"><div><hr class=\"my-4\">\n    <div class=\"p-2 w-full flex items-center justify-between text-left md:grid md:grid-cols-1 md:mb-8 md:p-0 md:pt-4\"><span class=\"flex md:block\">Boutique en ligne</span>\n        <svg class=\"flex md:hidden\" width=\"24\" height=\"24\" viewBox=\"0 0 24 24\" fill=\"none\" xmlns=\"http://www.w3.org/2000/svg\"><path d=\"M15.88 9.29L12 13.17L8.12001 9.29C7.73001 8.9 7.10001 8.9 6.71001 9.29C6.32001 9.68 6.32001 10.31 6.71001 10.7L11.3 15.29C11.69 15.68 12.32 15.68 12.71 15.29L17.3 10.7C17.69 10.31 17.69 9.68 17.3 9.29C16.91 8.91 16.27 8.9 15.88 9.29Z\" fill=\"black\"></path></svg></div>\n    <ul data-behaviour=\"dropdown-selector\" class=\"hidden p-2 md:block md:p-0 space-y-2\" data-initialized=\"true\"><li><a class=\"hover:text-pdpink premium:hover:text-premium-bright\" href=\"/themes-de-laide/avantages-exclusifs#agreees\">Vendeur en ligne agréé</a></li><li><a class=\"hover:text-pdpink premium:hover:text-premium-bright\" href=\"/frais-dexpedition\">Livraison gratuite à partir de 49,90 €*</a></li><li><a class=\"hover:text-pdpink premium:hover:text-premium-bright\" href=\"/themes-de-laide/faq#livraison\">Délai de livraison</a></li><li><a class=\"hover:text-pdpink premium:hover:text-premium-bright\" href=\"/themes-de-laide/avantages-exclusifs#retour-de-180-jours\">Droit de retour de 180&nbsp;jours</a></li><li><a class=\"hover:text-pdpink premium:hover:text-premium-bright\" href=\"/themes-de-laide/my-parfumdreams#retourner\">Renvoi</a></li><li><a class=\"hover:text-pdpink premium:hover:text-premium-bright\" href=\"/Accessoires/Parfumdreams/index_91721.aspx\">Cartes cadeaux</a></li><li><a class=\"hover:text-pdpink premium:hover:text-premium-bright\" href=\"/informations-des-consommateurs\">Informations <wbr>consommateur</a></li><li><a class=\"hover:text-pdpink premium:hover:text-premium-bright\" href=\"/Reduction-etudiante\">Réduction étudiante</a></li></ul></div>\n    <div class=\"md:col-span-1\"><hr class=\"my-4\">\n    <div class=\"p-2 w-full flex items-center justify-between text-left md:grid md:grid-cols-1 md:mb-8 md:p-0 md:pt-4\"><span class=\"flex md:block\">À propos de parfumdreams</span>\n        <svg class=\"flex md:hidden\" width=\"24\" height=\"24\" viewBox=\"0 0 24 24\" fill=\"none\" xmlns=\"http://www.w3.org/2000/svg\"><path d=\"M15.88 9.29L12 13.17L8.12001 9.29C7.73001 8.9 7.10001 8.9 6.71001 9.29C6.32001 9.68 6.32001 10.31 6.71001 10.7L11.3 15.29C11.69 15.68 12.32 15.68 12.71 15.29L17.3 10.7C17.69 10.31 17.69 9.68 17.3 9.29C16.91 8.91 16.27 8.9 15.88 9.29Z\" fill=\"black\"></path></svg></div>\n    <ul data-behaviour=\"dropdown-selector\" class=\"hidden p-2 md:block md:p-0 space-y-2\" data-initialized=\"true\"><li><a class=\"hover:text-pdpink premium:hover:text-premium-bright\" href=\"/A-propos-de-nous\">Qui sommes-nous&nbsp;?</a></li><li><a class=\"hover:text-pdpink premium:hover:text-premium-bright\" href=\"/themes-de-laide\">Aide</a></li><li><a class=\"hover:text-pdpink premium:hover:text-premium-bright\" href=\"/succursales\">Succursales et salons</a></li><li><a class=\"hover:text-pdpink premium:hover:text-premium-bright\" href=\"/Environnement\">Environnement</a></li><li><a class=\"hover:text-pdpink premium:hover:text-premium-bright\" href=\"/Programme-partenaire\">Programme d’affiliation</a></li><li><a class=\"hover:text-pdpink premium:hover:text-premium-bright\" href=\"/Newsletter\">Newsletter</a></li><li><a class=\"hover:text-pdpink premium:hover:text-premium-bright\" href=\"/parfumdreams-premium\">Premium</a></li></ul></div>\n    <div class=\"md:col-span-1\"><hr class=\"my-4\">\n    <div class=\"p-2 w-full flex items-center justify-between text-left md:grid md:grid-cols-1 md:mb-8 md:p-0 md:pt-4\"><span class=\"flex md:block\">Service après-vente</span>\n        <svg class=\"flex md:hidden\" width=\"24\" height=\"24\" viewBox=\"0 0 24 24\" fill=\"none\" xmlns=\"http://www.w3.org/2000/svg\"><path d=\"M15.88 9.29L12 13.17L8.12001 9.29C7.73001 8.9 7.10001 8.9 6.71001 9.29C6.32001 9.68 6.32001 10.31 6.71001 10.7L11.3 15.29C11.69 15.68 12.32 15.68 12.71 15.29L17.3 10.7C17.69 10.31 17.69 9.68 17.3 9.29C16.91 8.91 16.27 8.9 15.88 9.29Z\" fill=\"black\"></path></svg></div>\n    <ul data-behaviour=\"dropdown-selector\" class=\"hidden p-2 md:block md:p-0 space-y-2\" data-initialized=\"true\"><li><a class=\"hover:text-pdpink premium:hover:text-premium-bright\" href=\"/Contact\" datatest-id=\"ContactUs\">Formulaire de contact</a></li></ul></div></div><div id=\"site-certifications-block\" class=\"md:grid md:grid-cols-3 md:gap-4 md:mt-6 md:pt-0\"><script type=\"text/javascript\" src=\"//widget.trustpilot.com/bootstrap/v5/tp.widget.bootstrap.min.js\" async=\"\"></script>\n<div><hr class=\"my-4\">\n    <div class=\"p-2 w-full flex items-center justify-between text-left md:grid md:grid-cols-1 md:mb-8 md:p-0 md:pt-4\"><span class=\"flex md:block\">Faire un shopping primé</span>\n        <svg class=\"flex md:hidden\" width=\"24\" height=\"24\" viewBox=\"0 0 24 24\" fill=\"none\" xmlns=\"http://www.w3.org/2000/svg\"><path d=\"M15.88 9.29L12 13.17L8.12001 9.29C7.73001 8.9 7.10001 8.9 6.71001 9.29C6.32001 9.68 6.32001 10.31 6.71001 10.7L11.3 15.29C11.69 15.68 12.32 15.68 12.71 15.29L17.3 10.7C17.69 10.31 17.69 9.68 17.3 9.29C16.91 8.91 16.27 8.9 15.88 9.29Z\" fill=\"black\"></path></svg></div>\n    <ul data-behaviour=\"dropdown-selector\" class=\"hidden p-2 md:block md:p-0\" data-initialized=\"true\"><li><div class=\"trustpilot-widget\" data-locale=\"FR\" data-template-id=\"53aa8807dec7e10d38f59f32\" data-businessunit-id=\"5a2514700000ff0005b252b8\" data-style-height=\"130px\" data-style-width=\"45%\" data-theme=\"light\" style=\"position: relative;\"><iframe title=\"Customer reviews powered by Trustpilot\" loading=\"auto\" src=\"https://widget.trustpilot.com/trustboxes/53aa8807dec7e10d38f59f32/index.html?templateId=53aa8807dec7e10d38f59f32&amp;businessunitId=5a2514700000ff0005b252b8#locale=FR&amp;styleHeight=130px&amp;styleWidth=45%25&amp;theme=light\" style=\"position: relative; height: 130px; width: 45%; border-style: none; display: block; overflow: hidden;\"></iframe></div></li></ul></div>\n    <div><hr class=\"my-4\">\n    <div class=\"p-2 w-full flex items-center justify-between text-left md:grid md:grid-cols-1 md:mb-8 md:p-0 md:pt-4\"><span class=\"flex md:block\">Achats sûrs</span>\n        <svg class=\"flex md:hidden\" width=\"24\" height=\"24\" viewBox=\"0 0 24 24\" fill=\"none\" xmlns=\"http://www.w3.org/2000/svg\"><path d=\"M15.88 9.29L12 13.17L8.12001 9.29C7.73001 8.9 7.10001 8.9 6.71001 9.29C6.32001 9.68 6.32001 10.31 6.71001 10.7L11.3 15.29C11.69 15.68 12.32 15.68 12.71 15.29L17.3 10.7C17.69 10.31 17.69 9.68 17.3 9.29C16.91 8.91 16.27 8.9 15.88 9.29Z\" fill=\"black\"></path></svg></div>\n    <ul data-behaviour=\"dropdown-selector\" class=\"hidden p-2 md:block md:p-0 space-y-2\" data-initialized=\"true\"><li><div class=\"flex mt-5\"><img class=\"mr-1\" src=\"/images/tick-teal.svg\"> Sécurité vérifiée</div></li>\n        <li><div class=\"flex\"><img class=\"mr-1\" src=\"/images/tick-teal.svg\"> Protection des données vérifiée</div></li></ul></div>\n    <div class=\"md:col-span-1\"><div><hr class=\"my-4\">\n    <div class=\"p-2 w-full flex items-center justify-between text-left md:grid md:grid-cols-1 md:mb-8 md:p-0 md:pt-4\"><span class=\"flex md:block\">Partenaires maritimes</span>\n        <svg class=\"flex md:hidden\" width=\"24\" height=\"24\" viewBox=\"0 0 24 24\" fill=\"none\" xmlns=\"http://www.w3.org/2000/svg\"><path d=\"M15.88 9.29L12 13.17L8.12001 9.29C7.73001 8.9 7.10001 8.9 6.71001 9.29C6.32001 9.68 6.32001 10.31 6.71001 10.7L11.3 15.29C11.69 15.68 12.32 15.68 12.71 15.29L17.3 10.7C17.69 10.31 17.69 9.68 17.3 9.29C16.91 8.91 16.27 8.9 15.88 9.29Z\" fill=\"black\"></path></svg></div>\n    <ul data-behaviour=\"dropdown-selector\" class=\"hidden p-2 md:block md:p-0\" data-initialized=\"true\"><li><div class=\"flex mb-4 gap-2\"><a href=\"/frais-dexpedition\"><img src=\"/images/shipping/gls.png\" srcset=\"/images/shipping/gls.png, /images/shipping/gls@2x.png 2x\" alt=\"gls\" height=\"60\" style=\"max-height: 60px;\"></a><a href=\"/frais-dexpedition\"><img src=\"/images/shipping/colisPrive.png\" srcset=\"/images/shipping/colisPrive.png, /images/shipping/colisPrive@2x.png 2x\" alt=\"colis prive\" height=\"80\" style=\"max-height: 80px;\"></a></div></li></ul></div><hr class=\"my-4 md:hidden\">\n    <div class=\"p-2 w-full flex items-center justify-between text-left md:grid md:grid-cols-1 md:mb-8 md:p-0 md:pt-4 \"><span class=\"flex md:block\">App parfumdreams</span>\n        <svg class=\"flex md:hidden\" width=\"24\" height=\"24\" viewBox=\"0 0 24 24\" fill=\"none\" xmlns=\"http://www.w3.org/2000/svg\"><path d=\"M15.88 9.29L12 13.17L8.12001 9.29C7.73001 8.9 7.10001 8.9 6.71001 9.29C6.32001 9.68 6.32001 10.31 6.71001 10.7L11.3 15.29C11.69 15.68 12.32 15.68 12.71 15.29L17.3 10.7C17.69 10.31 17.69 9.68 17.3 9.29C16.91 8.91 16.27 8.9 15.88 9.29Z\" fill=\"black\"></path></svg></div>\n    <ul data-behaviour=\"dropdown-selector\" class=\"hidden p-2 md:block md:p-0\" data-initialized=\"true\"><li><div class=\"flex mt-8 gap-3\"><a href=\"http://market.android.com/details?id=de.parfumdreams\"><img src=\"/images/googleplay.svg\" width=\"135\" height=\"40\" alt=\"Parfumdreams auf Google Play\"></a><a href=\"http://itunes.apple.com/de/app/parfumdreams/id465123433?mt=8\"><img src=\"/images/appstore.svg\" width=\"120\" height=\"40\" alt=\"Parfumdreams im App Store\"></a></div></li></ul></div></div></div>\n            <div class=\"main-flex hide-in-checkout\"><div class=\"hide-in-checkout flex justify-center items-center mt-6\"><img src=\"/images/PDLogoFooter.png\" srcset=\"/images/PDLogoFooter.png, /images/PDLogoFooter@2x.png 2x\" alt=\"parfumdreams\"></div>\n<div class=\"hide-in-checkout flex justify-center items-center my-6\"><div class=\"grid grid-cols-6 gap-4\"><div><a href=\"https://facebook.com/parfumdreamsInternational\"><img src=\"/images/socialMedia/facebook.svg\" srcset=\"/images/socialMedia/facebook.svg\" alt=\"Facebook\"></a></div>\n        <div><a href=\"https://instagram.com/parfumdreams.eu/\"><img src=\"/images/socialMedia/instagram.svg\" srcset=\"/images/socialMedia/instagram.svg\" alt=\"Instagram\"></a></div>\n        <div><a href=\"https://www.tiktok.com/@parfumdreams\"><img src=\"/images/socialMedia/tiktok.svg\" srcset=\"/images/socialMedia/tiktok.svg\" alt=\"Tik Tok\"></a></div>\n        <div><a href=\"http://www.youtube.com/user/parfumdreams?feature=watch\"><img src=\"/images/socialMedia/youtube.svg\" srcset=\"/images/socialMedia/youtube.svg\" alt=\"Youtube\"></a></div>\n        <div><a href=\"https://www.pinterest.de/parfumdreams/\"><img src=\"/images/socialMedia/pinterest.svg\" srcset=\"/images/socialMedia/pinterest.svg\" alt=\"Pinterest\"></a></div>\n        <div><a href=\"https://de.linkedin.com/company/parfumdreams\"><img src=\"/images/socialMedia/linkedin.svg\" srcset=\"/images/socialMedia/linkedin.svg\" alt=\"LinkedIn\"></a></div></div></div>\n\n\n<div class=\"hide-in-checkout block justify-center items-center text-center mt-6 md:mb-6 lg:mb-0 lg:justify-center lg:flex\"><ul class=\"flex flex-wrap justify-between\"><li class=\"list-none md:mr-4\"><a id=\"hideCheckout_Sitemap\" href=\"/Vue-densemble-de-la-page\">Plan du site</a></li><li class=\"list-none md:mr-4\"><a id=\"hideCheckout_generalTermsAndConditions\" href=\"/conditions-generales-de-vente\">Conditions générales de vente</a></li><li class=\"list-none md:mr-4\"><a id=\"hideCheckout_legalinformation\" href=\"/Mentions-legales\">Mentions légales</a></li><li class=\"list-none md:mr-4\"><a id=\"hideCheckout_dataProtection\" href=\"/protection-des-donnees\">Protection des données</a></li><li class=\"text-center w-full list-none md:w-auto md:mr-4 lg:w-auto\"><a id=\"cookieSettings\" href=\"javascript:void(0)\" onclick=\"UC_UI.showSecondLayer();\">Cookie Paramètres</a></li></ul>\n    <div id=\"copyrightText\" class=\"block text-center items-center text-darkgray mt-4 mb-4 lg:mt-0 lg:mb-0 lg:text-left lg:flex\">© 2025 Parfümerie Akzente GmbH</div>\n\n    <div class=\"relative lg:absolute block lg:flex right-4\"><div class=\"flex text-center items-center justify-center text-darkgray mt-4 mb-7 lg:mt-0 lg:text-left\"><button class=\"px-4 py-2 items-center border border-black flex gap-1 z-10 bg-white\" data-behaviour=\"country-selector\" data-initialized=\"true\"><img src=\"/images/country-flags/FR@2x.png\" class=\"size-6\" srcset=\"/images/country-flags/FR@2x.png, /images/country-flags/FR.png 2x\" alt=\"France\">\n            <span class=\"text-base text-black hidden lg:flex\">France</span></button></div></div></div>\n\n<div class=\"hidden show-in-checkout\"><div class=\"flex flex-col md:flex-row md:gap-6\"><span><a id=\"checkout_Sitemap\" class=\"\" href=\"/Vue-densemble-de-la-page\">Plan du site</a></span><span><a id=\"checkout_generalTermsAndConditions\" class=\"\" href=\"/conditions-generales-de-vente\">Conditions générales de vente</a></span><span><a id=\"checkout_legalinformation\" class=\"\" href=\"/Mentions-legales\">Mentions légales</a></span><span><a id=\"checkout_dataProtection\" class=\"\" href=\"/protection-des-donnees\">Protection des données</a></span><span class=\"max-md:mt-6 md:ml-auto text-darkgray\">© 2025 Parfümerie Akzente GmbH</span></div></div></div></div>\n    <div class=\"hide-in-checkout bg-pdpink premium:bg-premium h-3 w-full\"></div>\n\n    <div class=\"hidden show-in-checkout bg-graybg pb-24 pt-10\"><div class=\"screen-layout\"><div class=\"main-flex\"><hr class=\"border-darkgray mb-6\">\n                <div class=\"hide-in-checkout flex justify-center items-center mt-6\"><img src=\"/images/PDLogoFooter.png\" srcset=\"/images/PDLogoFooter.png, /images/PDLogoFooter@2x.png 2x\" alt=\"parfumdreams\"></div>\n<div class=\"hide-in-checkout flex justify-center items-center my-6\"><div class=\"grid grid-cols-6 gap-4\"><div><a href=\"https://facebook.com/parfumdreamsInternational\"><img src=\"/images/socialMedia/facebook.svg\" srcset=\"/images/socialMedia/facebook.svg\" alt=\"Facebook\"></a></div>\n        <div><a href=\"https://instagram.com/parfumdreams.eu/\"><img src=\"/images/socialMedia/instagram.svg\" srcset=\"/images/socialMedia/instagram.svg\" alt=\"Instagram\"></a></div>\n        <div><a href=\"https://www.tiktok.com/@parfumdreams\"><img src=\"/images/socialMedia/tiktok.svg\" srcset=\"/images/socialMedia/tiktok.svg\" alt=\"Tik Tok\"></a></div>\n        <div><a href=\"http://www.youtube.com/user/parfumdreams?feature=watch\"><img src=\"/images/socialMedia/youtube.svg\" srcset=\"/images/socialMedia/youtube.svg\" alt=\"Youtube\"></a></div>\n        <div><a href=\"https://www.pinterest.de/parfumdreams/\"><img src=\"/images/socialMedia/pinterest.svg\" srcset=\"/images/socialMedia/pinterest.svg\" alt=\"Pinterest\"></a></div>\n        <div><a href=\"https://de.linkedin.com/company/parfumdreams\"><img src=\"/images/socialMedia/linkedin.svg\" srcset=\"/images/socialMedia/linkedin.svg\" alt=\"LinkedIn\"></a></div></div></div>\n\n\n<div class=\"hide-in-checkout block justify-center items-center text-center mt-6 md:mb-6 lg:mb-0 lg:justify-center lg:flex\"><ul class=\"flex flex-wrap justify-between\"><li class=\"list-none md:mr-4\"><a id=\"hideCheckout_Sitemap\" href=\"/Vue-densemble-de-la-page\">Plan du site</a></li><li class=\"list-none md:mr-4\"><a id=\"hideCheckout_generalTermsAndConditions\" href=\"/conditions-generales-de-vente\">Conditions générales de vente</a></li><li class=\"list-none md:mr-4\"><a id=\"hideCheckout_legalinformation\" href=\"/Mentions-legales\">Mentions légales</a></li><li class=\"list-none md:mr-4\"><a id=\"hideCheckout_dataProtection\" href=\"/protection-des-donnees\">Protection des données</a></li><li class=\"text-center w-full list-none md:w-auto md:mr-4 lg:w-auto\"><a id=\"cookieSettings\" href=\"javascript:void(0)\" onclick=\"UC_UI.showSecondLayer();\">Cookie Paramètres</a></li></ul>\n    <div id=\"copyrightText\" class=\"block text-center items-center text-darkgray mt-4 mb-4 lg:mt-0 lg:mb-0 lg:text-left lg:flex\">© 2025 Parfümerie Akzente GmbH</div>\n\n    <div class=\"relative lg:absolute block lg:flex right-4\"><div class=\"flex text-center items-center justify-center text-darkgray mt-4 mb-7 lg:mt-0 lg:text-left\"><button class=\"px-4 py-2 items-center border border-black flex gap-1 z-10 bg-white\" data-behaviour=\"country-selector\" data-initialized=\"true\"><img src=\"/images/country-flags/FR@2x.png\" class=\"size-6\" srcset=\"/images/country-flags/FR@2x.png, /images/country-flags/FR.png 2x\" alt=\"France\">\n            <span class=\"text-base text-black hidden lg:flex\">France</span></button></div></div></div>\n\n<div class=\"hidden show-in-checkout\"><div class=\"flex flex-col md:flex-row md:gap-6\"><span><a id=\"checkout_Sitemap\" class=\"\" href=\"/Vue-densemble-de-la-page\">Plan du site</a></span><span><a id=\"checkout_generalTermsAndConditions\" class=\"\" href=\"/conditions-generales-de-vente\">Conditions générales de vente</a></span><span><a id=\"checkout_legalinformation\" class=\"\" href=\"/Mentions-legales\">Mentions légales</a></span><span><a id=\"checkout_dataProtection\" class=\"\" href=\"/protection-des-donnees\">Protection des données</a></span><span class=\"max-md:mt-6 md:ml-auto text-darkgray\">© 2025 Parfümerie Akzente GmbH</span></div></div></div></div></div>    <script src=\"/assets/main-7e59846b.js?v=Ys4YgvyVytrXBzeA8bxoMp70ZEmHRfsFzQXtZ4CD0dU\" type=\"module\"></script>\n\n    <input type=\"hidden\" id=\"BaseAddress\" value=\"https://shop-api.parfumdreams.de:443/api/FR\">\n\n    <input type=\"hidden\" id=\"IsVisitorLogEnabled\" value=\"True\">\n\n\n<div id=\"usercentrics-root\" data-created-at=\"1747839536264\" style=\"\"></div><div><div class=\"fixed bottom-4 right-4 left-4 md:left-auto md:w-96 flex flex-col gap-y-4\"></div><div class=\"fixed bottom-8 left-8 md:right-auto md:w-96 flex flex-col gap-y-4\"></div></div><iframe id=\"uc-cross-domain-bridge\" src=\"https://app.usercentrics.eu/browser-sdk/4.44.0/cross-domain-bridge.html\" style=\"display: none;\"></iframe><style id=\"uc-overflow-style\">.overflowHidden {overflow: hidden !important;}</style></body></html>",
  "scripts": [
    "",
    "\n    // Duration in milliseconds to wait while the Kameleoon application file is loaded\n    var kameleoonLoadingTimeout = 1000;\n\n    window.kameleoonQueue = window.kameleoonQueue || [];\n    window.kameleoonStartLoadTime = new Date().getTime();\n    if (! document.getElementById(\"kameleoonLoadingStyleSheet\") && ! window.kameleoonDisplayPageTimeOut) {\n        var kameleoonS = document.getElementsByTagName(\"script\")[0];\n        var kameleoonCc = \"* { visibility: hidden !important; background-image: none !important; }\";\n        var kameleoonStn = document.createElement(\"style\");\n        kameleoonStn.type = \"text/css\";\n        kameleoonStn.id = \"kameleoonLoadingStyleSheet\";\n        if (kameleoonStn.styleSheet) {\n            kameleoonStn.styleSheet.cssText = kameleoonCc;\n        }\n        else {\n            kameleoonStn.appendChild(document.createTextNode(kameleoonCc));\n        }\n        kameleoonS.parentNode.insertBefore(kameleoonStn, kameleoonS);\n        window.kameleoonDisplayPage = function(fromEngine) {\n            if (!fromEngine) {\n                window.kameleoonTimeout = true;\n            }\n            if (kameleoonStn.parentNode) {\n                kameleoonStn.parentNode.removeChild(kameleoonStn);\n            }\n        };\n        window.kameleoonDisplayPageTimeOut = window.setTimeout(window.kameleoonDisplayPage, kameleoonLoadingTimeout);\n    }\n",
    "",
    "\n    let totalErrorsOnPage = 10;\n    let currentErrorsSent = 0;\n    const loggingApiUrl = 'https://shop-api-origin.parfumdreams.de:443/api/FR' + '/Diagnostic/FrontendErrorJavascript';\n\n    let getCookieValue = function (c_name) {\n        var c_value = document.cookie;\n        var c_start = c_value.indexOf(\" \" + c_name + \"=\");\n\n        if (c_start === -1) {\n            c_start = c_value.indexOf(c_name + \"=\");\n        }\n\n        if (c_start === -1) {\n            c_value = null;\n        } else {\n            c_start = c_value.indexOf(\"=\", c_start) + 1;\n            var c_end = c_value.indexOf(\";\", c_start);\n            if (c_end === -1) {\n                c_end = c_value.length;\n            }\n            c_value = c_value.substring(c_start, c_end);\n        }\n        return c_value;\n    }\n\n    const global_error_options = function () {\n        return {\n            url: window.location.href,\n            referrer: document.referrer,\n            userAgent: window.navigator.userAgent,\n            screenWidth: window.innerWidth,\n            clientDeviceId: getCookieValue(\"ClientDeviceId\"),\n            clientSessionId: getCookieValue(\"ClientSessionId\")\n        }\n    }\n\n        \n    let oldconsoleerror = window.console.error.bind(window.console)\n    window.console.error = function (...args) {\n        oldconsoleerror.apply(null, args);\n\n        currentErrorsSent = currentErrorsSent + 1;\n        if (currentErrorsSent > totalErrorsOnPage) {\n            return;\n        }\n\n        let completeError = args[0];\n\n        try {\n\n            if (args[0] && typeof args[0] === 'string') {\n                let toAdd = args[0].toString();\n                if (toAdd.indexOf(\"DONT_SEND_TO_BACKEND_FOR_LOGGING\") > -1) {\n                    return; \n                }\n                completeError = completeError + toAdd;\n            }\n            if (args.length > 1 && typeof args[1].url === 'string') {\n\n                completeError = completeError + args[1].url;\n            }\n\n            if (args.length > 1 && (typeof args[1].status === 'number' || typeof args[1].status === 'string')) {\n\n                completeError = completeError + \" status: \" + args[1].status.toString();\n            }\n\n            if (args.length > 1 && (typeof args[1].message === 'string')) {\n\n                completeError = completeError + \" msg: \" + args[1].message.toString();\n            }\n            if (args.length > 1 && (typeof args[1].stack === 'string')) {\n\n                completeError = completeError + \" stack: \" + args[1].stack.toString();\n            }\n        } catch (ex) {\n            completeError = completeError + \"ERROR in ERROR HANDLER\";\n        }\n\n        let partitionKey = typeof completeError === 'string' ? completeError.substring(0, 50) : 'empty-partition-key';\n        \n        function ConvertMessageToString(message) {\n            if (typeof message === 'string') {\n                return message;\n            } else { \n                try {\n                    return JSON.stringify(message);\n                } catch (e) {\n                    return \"problem parsing message object on \" + window.location.href;\n                }\n            }\n\n        }\n\n        try {\n            const logginginfo = Object.assign({},\n                global_error_options(),\n                {\n                    logSource: 'overwrittenconsole',\n                    msg: ConvertMessageToString(completeError)\n                });\n            fetch(loggingApiUrl, { mode: 'no-cors', method: 'POST', body: JSON.stringify(logginginfo) });\n\n        } catch (ex) {\n\n        }\n    }\n\n    window.addEventListener('error', function (message) {\n\n        currentErrorsSent = currentErrorsSent + 1;\n        if (currentErrorsSent > totalErrorsOnPage) {\n            return;\n        }\n\n        let errorToSend = \"empty error to send\";\n        try {\n            errorToSend = typeof message == 'string' ? message : \"OnErrorGlobalEvent: \" + message.message;\n        } catch (e) {\n            errorToSend = 'error inside the error handler!';\n        }\n        let partitionKey = typeof errorToSend === 'string' ? errorToSend.substring(0, 50) : 'empty-partition-key';\n        \n        try {\n            const logginginfo = Object.assign({},\n                global_error_options(),\n                {\n                    logSource: 'globalerrorhandler',\n                    msg: errorToSend\n                });\n            fetch(loggingApiUrl, { mode: 'no-cors', method: 'POST', body: JSON.stringify(logginginfo) });\n\n        } catch (ex) {\n\n        }\n    })\n\n",
    "",
    "\n        window.utag_cfg_ovrd = window.utag_cfg_ovrd || {};\n        window.utag_cfg_ovrd.noview = true;\n        window.utag_cfg_ovrd.path = '//tttd.parfumdreams.fr/www-pd-parfumdreams/prod/';\n    ",
    "",
    "",
    "\n        (function (a, b, c, d) {\n            a = '//tttd.parfumdreams.fr/www-pd-parfumdreams/prod/utag.js';\n            b = document; c = 'script'; d = b.createElement(c); d.src = a; d.type = 'text/java' + c; d.async = true;\n            a = b.getElementsByTagName(c)[0]; a.parentNode.insertBefore(d, a);\n        })();\n    ",
    "",
    "",
    "",
    "var delayedFunctions = delayedFunctions || [];delayedFunctions.push({ f: 'pd.ttm.pushEvent', p: \"{\\u0022category01\\u0022:null,\\u0022category02\\u0022:null,\\u0022category03\\u0022:null,\\u0022category04\\u0022:null,\\u0022content_id\\u0022:\\u0022Homepage\\u0022,\\u0022page_id\\u0022:\\u0022Homepage\\u0022,\\u0022page_url\\u0022:null,\\u0022sitegroup\\u0022:\\u0022Start\\u0022,\\u0022tealium_event\\u0022:\\u0022page_view\\u0022,\\u0022shop_type\\u0022:\\u0022shop\\u0022,\\u0022currency\\u0022:\\u0022EUR\\u0022,\\u0022country_code\\u0022:\\u0022FR\\u0022,\\u0022language_code\\u0022:\\u0022fr\\u0022,\\u0022layer_name\\u0022:null,\\u0022environment\\u0022:\\u0022Production\\u0022,\\u0022emarsys_category\\u0022:null,\\u0022purchase\\u0022:\\u00220\\u0022,\\u0022order_id\\u0022:null,\\u0022total_price_gross\\u0022:null,\\u0022category_id\\u0022:null,\\u0022delivery_address_type\\u0022:null,\\u0022delivery_mode\\u0022:null,\\u0022payment_method\\u0022:null,\\u0022addtobasket_source\\u0022:null,\\u0022primary_product_additions\\u0022:null,\\u0022primary_product_availability_status\\u0022:null,\\u0022primary_product_backfill\\u0022:null,\\u0022primary_product_brand\\u0022:null,\\u0022primary_product_classification\\u0022:null,\\u0022primary_product_color\\u0022:null,\\u0022primary_product_id\\u0022:null,\\u0022primary_product_interaction\\u0022:null,\\u0022primary_product_maincategory\\u0022:null,\\u0022primary_product_master_id\\u0022:null,\\u0022primary_product_master_name\\u0022:null,\\u0022primary_product_name\\u0022:null,\\u0022primary_product_onsale\\u0022:null,\\u0022primary_product_price\\u0022:null,\\u0022primary_product_price_regular\\u0022:null,\\u0022primary_product_quantity\\u0022:null,\\u0022primary_product_size\\u0022:null,\\u0022primary_product_style\\u0022:null,\\u0022primary_product_type\\u0022:null,\\u0022primary_product_variant_name\\u0022:null,\\u0022primary_product_variants\\u0022:null,\\u0022primary_product_vendor\\u0022:null,\\u0022primary_product_view_type\\u0022:null,\\u0022promotion_action\\u0022:null,\\u0022promotion_code\\u0022:null,\\u0022promotion_coupon_entered\\u0022:null,\\u0022promotion_coupon_redeemed\\u0022:null,\\u0022promotion_coupon_redeemed_type\\u0022:null,\\u0022promotion_discount_value\\u0022:null,\\u0022shipping_costs\\u0022:null,\\u0022total_price_net\\u0022:null,\\u0022basket_ID\\u0022:\\u0060${(typeof(pd.utils.getApiOrderCookie()?.orderPositions?.length \\u003E 0 ? pd.utils.getApiOrderCookie().shoppingCartId.toString() : null) === \\u0027undefined\\u0027 || (pd.utils.getApiOrderCookie()?.orderPositions?.length \\u003E 0 ? pd.utils.getApiOrderCookie().shoppingCartId.toString() : null) === null) ? null : pd.utils.getApiOrderCookie()?.orderPositions?.length \\u003E 0 ? pd.utils.getApiOrderCookie().shoppingCartId.toString() : null}\\u0060,\\u0022checkout_payment_start\\u0022:null,\\u0022cart_view\\u0022:null,\\u0022go_to_checkout\\u0022:null,\\u0022renderedArticleIds\\u0022:[\\u00221242880\\u0022,\\u00221238097\\u0022,\\u00221228003\\u0022,\\u00221234869\\u0022,\\u00221241312\\u0022,\\u00221238094\\u0022,\\u00221229715\\u0022,\\u00221234870\\u0022,\\u00221237143\\u0022,\\u00221226518\\u0022,\\u00221212216\\u0022,\\u00221223686\\u0022,\\u00221220442\\u0022,\\u00221226516\\u0022,\\u00221214396\\u0022,\\u00221219886\\u0022,\\u00221230167\\u0022,\\u00221233183\\u0022,\\u00221219396\\u0022,\\u00221221994\\u0022,\\u00221058157\\u0022,\\u00221228717\\u0022,\\u00221232682\\u0022,\\u00221227614\\u0022,\\u00221228722\\u0022,\\u00221230178\\u0022,\\u00221227018\\u0022,\\u00221230177\\u0022,\\u0022367826\\u0022,\\u0022708800\\u0022,\\u0022430163\\u0022,\\u0022818762\\u0022,\\u00221027979\\u0022,\\u0022695162\\u0022,\\u0022971482\\u0022,\\u0022289686\\u0022,\\u0022796849\\u0022,\\u0022847317\\u0022,\\u00221000703\\u0022,\\u0022293494\\u0022],\\u0022renderedVariationIds\\u0022:[\\u0022224578\\u0022,\\u0022223693\\u0022,\\u0022224253\\u0022,\\u0022222908\\u0022,\\u0022224583\\u0022,\\u0022223692\\u0022,\\u0022224269\\u0022,\\u0022222907\\u0022,\\u0022223690\\u0022,\\u0022224384\\u0022,\\u0022222755\\u0022,\\u0022222282\\u0022,\\u0022222759\\u0022,\\u0022224387\\u0022,\\u0022223856\\u0022,\\u0022219730\\u0022,\\u0022223917\\u0022,\\u0022222761\\u0022,\\u0022222395\\u0022,\\u0022222175\\u0022,\\u0022221627\\u0022,\\u0022223428\\u0022,\\u0022224187\\u0022,\\u0022223029\\u0022,\\u0022223410\\u0022,\\u0022223231\\u0022,\\u0022221988\\u0022,\\u0022223234\\u0022,\\u0022175353\\u0022,\\u00221064\\u0022,\\u0022216899\\u0022,\\u002267219\\u0022,\\u0022181641\\u0022,\\u002250933\\u0022,\\u002211948\\u0022,\\u0022133971\\u0022,\\u0022150631\\u0022,\\u002274256\\u0022,\\u0022174903\\u0022,\\u0022142102\\u0022],\\u0022primary_product_sku\\u0022:null,\\u0022shipping_country\\u0022:null,\\u0022promotion_voucher_affvalid\\u0022:null,\\u0022renderedMasterIds\\u0022:[\\u0022138500\\u0022,\\u0022138056\\u0022,\\u0022138314\\u0022,\\u0022137601\\u0022,\\u0022138503\\u0022,\\u0022138055\\u0022,\\u0022138329\\u0022,\\u0022137600\\u0022,\\u0022138053\\u0022,\\u0022138384\\u0022,\\u0022137472\\u0022,\\u0022137283\\u0022,\\u0022137473\\u0022,\\u0022138123\\u0022,\\u0022138113\\u0022,\\u0022135949\\u0022,\\u0022138160\\u0022,\\u0022137476\\u0022,\\u0022137329\\u0022,\\u0022137240\\u0022,\\u0022136913\\u0022,\\u0022137904\\u0022,\\u0022138278\\u0022,\\u002226754\\u0022,\\u0022137893\\u0022,\\u0022137789\\u0022,\\u0022137136\\u0022,\\u0022137791\\u0022,\\u002283631\\u0022,\\u002210908\\u0022,\\u0022134468\\u0022,\\u002247343\\u0022,\\u0022115115\\u0022,\\u002238746\\u0022,\\u002217304\\u0022,\\u002286932\\u0022,\\u002292227\\u0022,\\u002251397\\u0022,\\u0022102357\\u0022,\\u002292044\\u0022],\\u0022cdc_id\\u0022:null,\\u0022o_id\\u0022:null,\\u0022customer_birthday\\u0022:null,\\u0022customer_gender\\u0022:null,\\u0022customer_id\\u0022:null,\\u0022customer_email\\u0022:null,\\u0022customer_login_status\\u0022:null,\\u0022customer_status\\u0022:null,\\u0022customer_status_shop\\u0022:null,\\u0022login_failed\\u0022:null,\\u0022addtowishlist_source\\u0022:null,\\u0022removefromwishlist_source\\u0022:null,\\u0022customer_subscription_status\\u0022:null,\\u0022search_box_searches\\u0022:null,\\u0022search_filter_criteria\\u0022:null,\\u0022search_filter_usage\\u0022:null,\\u0022search_origin\\u0022:null,\\u0022search_query\\u0022:null,\\u0022search_result\\u0022:null,\\u0022search_result_click\\u0022:null,\\u0022search_result_type\\u0022:null,\\u0022search_sort_criteria\\u0022:null,\\u0022appointment_start\\u0022:null,\\u0022appointment_success\\u0022:null,\\u0022subscription_preference\\u0022:null,\\u0022newsletter_registration_email_confirm\\u0022:null,\\u0022error_message\\u0022:null,\\u0022error_object_code\\u0022:null}\" });",
    "{\"@context\":\"https://schema.org\",\"@type\":\"Store\",\"url\":\"/\",\"logo\":\"/images/logo.svg\",\"name\":\"Parfumdreams\",\"aggregateRating\":{\"@type\":\"AggregateRating\",\"ratingCount\":10578,\"ratingValue\":\"4.6\"}}",
    "\n        // Declare the eKomiIntegrationConfig variable with the desired value\n        var eKomiIntegrationConfig = [{ certId: 'B7KWXPA9ZKZL35V' }];\n    ",
    "",
    ""
  ],
  "styles": [
    "\n    body:has(.is-checkout) .hide-in-checkout {\n        display: none;\n    }\n\n    body:has(.is-checkout) .show-in-checkout {\n        display: block;\n    }\n    \n    main:has(.is-checkout) {\n        background-color: #F3F5F9;\n    }\n\n    #app-content:has(.is-cart) {\n        background-color: #F3F5F9;\n    }\n",
    ".overflowHidden {overflow: hidden !important;}"
  ]
}